2932 3517
1498 359 1558 402 11

289 496 532 538 mentioium
563 494 696 547 πολίς
726 495 952 552 confugere
989 495 1027 537 si
1064 500 1280 551 cognitum
1315 492 1538 544 habuisset
1572 507 1726 536 nomen
1756 491 1902 551 λοφίς,
1934 492 2048 548 quod
2075 491 2230 549 legitur
2255 495 2300 536 in
2330 493 2475 537 Schol.
2502 493 2593 537 Nic.
2624 494 2757 539 Ther.

293 575 386 618 154.
426 575 477 619 τὰ
517 575 643 628 λεπὶς
679 573 894 634 γράφεται
931 574 978 618 ἔν
1013 590 1104 619 τισι
1141 573 1282 632 λοφίς·
1319 571 1491 634 εἷ’ρηται
1530 573 1579 618 δὲ
1613 575 1926 632 μεταφορικῶς
1965 569 2058 616 ἀπὸ
2089 574 2175 616 τῶν
2203 570 2381 626 ἶχθὺων,
2412 571 2491 615 sed
2518 570 2587 615 hic
2613 573 2757 630 potin!

289 654 421 713 φολίς
451 653 631 711 scripsit.
664 653 900 710 Utriusque
927 659 1069 698 autem
1097 652 1214 696 vocis
1244 653 1392 696 similis
1421 651 1593 708 quidem
1624 651 1876 708 significatio
1906 651 1983 695 sed
2011 651 2131 708 origo
2150 650 2316 694 diversa
2329 658 2416 702 est3
2447 667 2475 693 a
2488 652 2613 696 λέπω
2630 651 2758 706 λεπίς

289 732 378 775 sive
409 731 556 784 λοπίς,
587 747 614 774 a
643 730 785 791 φλόος
813 737 978 782 autem,
1014 730 1128 787 quod
1163 746 1245 774 non
1275 732 1410 774 solum
1441 730 1639 774 corticem
1668 730 1868 773 arborum
1898 730 1974 773 sed
2002 730 2131 773 etiam
2160 736 2301 774 cutem
2328 731 2592 774 animantum
2622 730 2754 787 signi·

286 810 401 863 ficat,
435 808 569 870 φολίς
596 809 746 853 eodem
774 809 990 853 intellectu
1019 815 1062 853 et
1091 809 1258 867 φλονίς.
1297 807 1671 864 Quemadmodum
1705 822 1807 852 vero
1843 808 2058 867 primitiva
2085 808 2195 852 inter
2223 822 2270 852 se
2297 815 2591 867 permutantur
2618 808 2755 864 λὸπος

288 887 312 931 ὃ
341 885 502 946 φλοιός
530 887 720 935 Erotian.
754 887 816 931 sic
853 887 988 947 φολίς
1023 893 1066 931 et
1102 888 1258 944 φλονίς
1285 888 1341 932 ab
1379 887 1599 944 Hesychio
1627 888 1777 932 eadem
1811 902 1917 931 voce
1953 886 2082 940 λεπίς
2117 887 2379 945 explicantur
2405 888 2451 931 id
2478 893 2546 931 est
2583 901 2756 944 squama

287 965 468 1022 piscium
498 966 801 1022 unguiumque,
833 971 875 1007 et
902 965 1167 1017 Athenaeus,
1199 980 1330 1021 quum
1361 964 1550 1024 λοφνίδα
1589 966 1679 1009 sive
1717 966 1907 1024 λοφνίαν
1942 965 2085 1009 vocari
2123 966 2228 1009 dicit
2262 967 2338 1023 τὴν
2373 966 2421 1012 ἐκ
2455 963 2623 1023 φλοίου
2652 969 2757 1020 λαμ.

289 1041 429 1095 πάδα,
461 1042 679 1087 nominum
709 1040 848 1096 λόπος
880 1050 922 1087 et
952 1041 1092 1102 φλόος
1122 1041 1373 1100 synonymia
1400 1041 1478 1086 niti
1505 1041 1684 1087 videtur.
1745 1041 1940 1087 Verbum
1970 1041 2254 1089 κλοτοπεύειν
2282 1040 2431 1088 ΕΤΜ.
2446 1043 2545 1095 521,
2577 1043 2649 1088 23.
2678 1040 2757 1086 du·

289 1120 453 1177 pliciter
482 1121 680 1164 affectum
717 1120 895 1164 credidit
930 1121 967 1164 si
1002 1136 1078 1179 pro
1115 1135 1166 1164 eo
1196 1122 1310 1177 quod
1343 1121 1566 1178 vulgatum
1603 1127 1669 1164 est
1705 1120 1979 1167 κλοπιτεὺειν
2014 1120 2307 1167 κολοπιτεύειν
2342 1119 2592 1180 ὑπερθέσει
2620 1123 2697 1165 τοῦ
2716 1120 2758 1175 T,

289 1199 369 1242 hoc
397 1199 539 1256 potius
569 1200 772 1257 scriptum
802 1200 972 1255 reliquit
1000 1199 1282 1246 κλοτοπεύειν
1312 1198 1406 1245 ἀντὶ
1436 1204 1515 1245 τοῦ
1545 1199 1822 1246 κλοπιτεύειν
1850 1200 2097 1260 ὑπερθέσει
2126 1204 2205 1245 τοῦ
2232 1201 2349 1248 'fatal
2383 1199 2614 1247 ἀντιθέσει
2643 1201 2760 1245 tofi-2

290 1275 347 1329 εἷς
365 1280 402 1324 ἶ
465 1275 540 1320 Sic
569 1278 679 1320 enim
712 1277 869 1322 Suidas
899 1278 1114 1326 κλωπεὺω
1144 1278 1417 1330 κλωπιτεῦω,
1449 1278 1707 1323 κλοτοπεόω
1739 1281 1809 1331 δέ,
1847 1294 1925 1337 pro
1964 1293 2049 1334 quo
2076 1279 2122 1321 iu
2149 1278 2263 1323 Edd.
2291 1285 2392 1323 vett.
2422 1277 2678 1324 κλοποτεὺω
2692 1276 2761 1320 vel

290 1355 537 1400 κλοπετεύω
566 1356 733 1412 legitur.
791 1356 959 1399 Horum
987 1372 1120 1400 unum
1147 1357 1192 1399 in
1221 1371 1304 1399 usu
1330 1357 1537 1414 reperitur
1566 1359 1867 1410 κλοτοπεύειν,
1899 1358 1975 1401 sed
2004 1357 2132 1414 hujus
2161 1372 2329 1413 quoque
2365 1357 2484 1414 origo
2511 1356 2668 1412 ignota,
2700 1355 2759 1398 si-

291 1433 505 1490 gnificatio
534 1434 665 1475 dubia
694 1440 770 1476 est.
829 1434 940 1476 Avis
969 1450 1123 1478 nomen
1153 1435 1395 1493 κολλυρίων
1423 1435 1603 1481 Aristot.
1636 1436 1686 1481 11.
1715 1436 1830 1479 Ann.
1859 1435 1947 1480 IX.
1980 1439 2046 1479 23.
2076 1451 2118 1492 p.
2150 1437 2246 1482 617.
2278 1435 2323 1477 in
2351 1435 2476 1479 codd.
2505 1433 2663 1488 aliquot
2683 1449 2759 1477 κο-

291 1513 479 1570 ρυλλίων
508 1511 704 1554 scribitur
732 1518 775 1554 et
802 1519 980 1568 utroque
1009 1512 1135 1555 modo
1164 1512 1423 1569 Hesychius,
1456 1528 1629 1576 casune<
1643 1515 1851 1557 incertum
1879 1529 1935 1556 an
1963 1513 2064 1570 quia
2094 1511 2253 1556 Graeci
2281 1512 2364 1569 ipsi
2393 1512 2623 1556 variarunt.
2650 1510 2764 1553 Pae·

291 1590 434 1633 nulum
464 1590 720 1646 antiquiores
758 1589 974 1649 φαινόλην
1011 1591 1228 1643 dixerunt,
1265 1606 1374 1647 quae
1408 1599 1557 1649 postea
1594 1592 1782 1652 φελόνης
1815 1591 2029 1649 appellata
2065 1598 2144 1637 est.
2202 1589 2389 1643 Ράδικες
2419 1589 2581 1649 κυρίως
2609 1587 2654 1633 οἱ
2681 1590 2765 1632 τῶν

293 1670 506 1729 φοινίκων
535 1670 701 1715 κλάδοι·
731 1673 804 1714 νῦν
842 1671 891 1714 δὲ
929 1674 1283 1729 καταχρηστικῶς
1323 1670 1423 1715 Sch.
1455 1670 1552 1717 Nic.
1582 1671 1662 1715 Th.
1696 1673 1792 1723 533,
1822 1671 1897 1714 ubi
1927 1671 2136 1728 scriptura
2164 1669 2334 1713 vacillat
2362 1667 2543 1727 ῥάδικες
2570 1674 2614 1710 et
2641 1669 2766 1727 ῤαῖ-

294 1752 380 1801 δες·
411 1763 642 1803 eorumque
670 1749 788 1805 prius
820 1748 1002 1791 Vossius
1032 1748 1076 1790 in
1104 1749 1252 1805 Etym.
1284 1764 1382 1793 cum
1411 1750 1541 1793 latino
1570 1750 1720 1793 radix
1751 1757 1989 1806 comparat,
2026 1749 2205 1792 alterum
2234 1747 2482 1804 Hesychius
2511 1752 2653 1811 tuettu·
2675 1748 2766 1789 Pa-

292 1827 412 1879 κίδες
441 1826 596 1871 κλάδοι
634 1833 811 1870 accentu
846 1826 1062 1871 mendoso,
1099 1825 1291 1884 Στεναγή
1330 1830 1648 1885 πεπυκνωμὲνη
1685 1828 1793 1872 Hes.
1829 1828 2012 1871 librariis
2047 1827 2294 1884 imputatur.
2360 1827 2405 1868 A
2440 1824 2652 1882 primitivo
2679 1821 2767 1869 Σό-

296 1910 431 1961 ραβον
460 1906 509 1947 τὸ
549 1909 791 1961 γυναικεῖον
829 1908 1000 1949 αἰδοῖον
1029 1904 1272 1962 hyperthesi
1310 1904 1555 1948 distinctum
1593 1913 1658 1948 est
1693 1921 1942 1963 paragogon
1978 1907 2215 1964 σαβαρίχη,
2253 1905 2365 1961 quod
2401 1902 2583 1947 Photius
2618 1899 2770 1947 eodan

293 1981 421 2025 modo
458 1982 756 2038 interpretatur
786 1980 1046 2025 Teleclidem
1085 1989 1238 2025 testem
1266 1982 1473 2026 adhibens
1505 1983 1557 2026 cfi
1596 1983 1729 2030 Pron.
1761 1986 1856 2027 287.
1885 1984 2101 2028 Malorum
2136 1983 2397 2041 persicorum
2430 1994 2584 2025 nomen
2610 1978 2773 2036 duplex

293 2066 358 2103 est
388 2059 625 2119 δωράκινα,
656 2060 769 2116 quod
798 2060 1012 2116 antiquius
1040 2066 1228 2117 putatur,
1256 2067 1300 2103 et
1328 2059 1539 2119 ροδάκινα
1568 2077 1608 2107 v,
1638 2061 1799 2105 Niclas.
1828 2063 1884 2106 ad
1914 2060 2082 2120 Geopp.
2111 2077 2154 2119 p.
2187 2061 2281 2105 669.
2311 2058 2603 2118 Hyperthesin
2632 2062 2773 2101 meta·

295 2137 403 2182 thesi
434 2139 673 2197 copulatam
703 2138 887 2182 ostendit
914 2140 1105 2198 βρέφος,
1138 2138 1175 2182 si
1205 2138 1421 2196 sequimOE
1454 2147 1647 2195 veterum
1683 2141 1923 2196 opinionem
1962 2142 2088 2201 παρὰ
2124 2141 2176 2186 τὸ
2214 2141 2366 2200 φέρβω
2401 2138 2568 2197 γίνεται
2603 2136 2775 2196 φόρβος

295 2218 369 2264 καὶ
397 2219 509 2264 κατὰ
536 2217 781 2276 μετάθεσιν
809 2221 895 2263 τῶν
933 2217 1160 2274 στοιχείων
1195 2218 1365 2278 βρέφος
1392 2217 1539 2264 ΕΤΜ.
1573 2220 1669 2272 213,
1701 2223 1742 2266 9.
1778 2221 1899 2278 cujus
1928 2233 1983 2264 ex
2012 2218 2219 2265 sententia
2249 2218 2430 2277 primum
2457 2219 2500 2277 ἶρ
2530 2216 2575 2259 in
2605 2219 2648 2278 ᾗ
2677 2228 2771 2259 mu-

296 2302 444 2347 tatum,
477 2303 568 2340 tum
599 2312 807 2341 consonae
836 2296 935 2339 beta
964 2303 1006 2339 et
1034 2295 1109 2353 phi
1146 2296 1344 2352 traiectae
1380 2303 1492 2342 sunt.
1563 2297 1650 2341 Sed
1689 2298 1760 2341 alii
1789 2298 1870 2342 hoc
1899 2298 2057 2343 rectius
2086 2299 2143 2342 ad
2169 2295 2292 2357 βρύω
2321 2297 2508 2340 referunt
2535 2310 2577 2342 v.
2609 2294 2769 2338 Techn.

298 2375 392 2418 275.
425 2373 686 2431 Accepimus
717 2388 817 2417 vero
847 2373 933 2418 duo
961 2373 1132 2418 nomina
1161 2374 1221 2417 ita
1249 2379 1445 2418 contexta
1473 2381 1523 2418 ut
1551 2374 1731 2418 duarum
1770 2375 2029 2433 syllabarum
2065 2376 2174 2421 inter
2203 2389 2248 2420 se
2276 2372 2614 2432 contingentium
2640 2372 2772 2416 altera

297 2451 350 2494 ab
381 2467 468 2495 una
496 2451 671 2509 incipiat
701 2465 899 2503 consona,
929 2451 1061 2494 altera
1090 2467 1116 2494 a
1146 2451 1311 2495 duabus
1342 2451 1515 2509 syllepsi
1545 2453 1767 2510 colligatis,
1799 2453 2002 2513 ἀριθμός
2029 2461 2071 2498 et
2101 2451 2332 2513 ι’ίγλαυρος,
2364 2466 2547 2508 quorum
2566 2448 2668 2493 illud
2682 2449 2771 2507 pii-

301 2544 416 2572 mam
446 2536 488 2572 et
518 2530 698 2581 tertiam,
729 2529 809 2573 hoc
846 2529 1077 2572 secundam
1113 2536 1156 2573 et
1192 2530 1357 2573 tertiam
1394 2538 1647 2581 commutat3
1684 2533 1935 2592 Σιμωνίδης
1969 2534 2045 2578 τὸν
2082 2530 2280 2592 α’ριθμὸν
2309 2529 2508 2589 ἆμιθρόν
2535 2524 2635 2573 εἷπε
2665 2525 2768 2572 καθθ

299 2606 560 2667 ὗπέρθεσιν.
592 2609 640 2653 ἐκ
670 2610 720 2653 δὲ
748 2612 828 2651 τοῦ
859 2606 1057 2666 ἆμιθρός
1094 2605 1344 2667 ἆμιθρῆσαι
1372 2608 1520 2653 ΕΤΜ.
1552 2614 1622 2662 83,
1655 2614 1722 2655 42.
1758 2611 1871 2667 quod
1903 2609 2252 2655 Schneidewinus
2281 2626 2324 2668 p.
2361 2610 2452 2653 125.
2481 2607 2577 2649 ideo
2611 2605 2774 2648 fictum

297 2692 419 2743 putat
455 2693 504 2729 ut
533 2685 695 2744 syllaba
730 2685 871 2728 media
899 2686 1222 2742 produceretur,
1259 2685 1340 2730 etsi
1370 2685 1566 2746 ἀριθμός
1594 2689 1708 2747 apud
1737 2688 1921 2747 Lyricos
1952 2689 2119 2748 saepius
2133 2688 2390 2748 productum
2403 2687 2486 2729 iota
2501 2684 2629 2727 habet
2643 2697 2775 2740 quam

297 2771 548 2822 correptum.
568 2763 819 2825 ’Ἀγλαυρος
848 2771 891 2808 et
921 2761 1141 2825 ἄγραυλος
1169 2780 1298 2822 quum
1327 2764 1429 2809 alibi
1457 2766 1502 2810 in
1532 2767 1651 2812 codd.
1684 2768 1859 2812 confusa
1888 2775 1985 2813 sunt
2015 2776 2107 2811 tum
2134 2768 2179 2812 in
2206 2766 2301 2812 Nic.
2331 2766 2411 2810 Th.
2442 2765 2508 2811 57.
2539 2776 2619 2806 nec
2647 2776 2774 2821 prae·

302 2844 571 2887 termiserunt
600 2844 872 2901 interpretest
906 2840 1122 2903 ι’ίγλαυροι
1153 2845 1349 2900 ποταμοὶ
1379 2845 1423 2891 οἱ
1451 2846 1647 2905 λαμπροί
1676 2848 1788 2892 κατὰ
1817 2846 2060 2903 μετάθεσιν
2088 2851 2175 2892 τῶν
2205 2845 2428 2902 στοιχείων
2444 2839 2541 2887 οἷον
2556 2839 2774 2901 ἄγραυλοι

301 2922 343 2967 oi
373 2922 504 2968 καλοί
531 2919 559 2979 ἢ
589 2924 661 2968 καὶ
691 2923 729 2968 οἳ
760 2922 924 2981 ἀγλαὰς
952 2921 1089 2983 αὔρας
1118 2924 1288 2980 ἔχοντες
1323 2920 1353 2982 ἤ
1391 2923 1433 2969 οἱ
1468 2921 1683 2985 ὄὶγλαυροι
1720 2925 1764 2971 οἱ
1800 2927 2104 2983 διαλελυμένοι
2141 2926 2216 2972 καὶ
2252 2921 2475 2984 τρυφεροί.
2507 2919 2678 2964 Harum
2706 2919 2771 2962 in-

301 3002 648 3058 terpretationum
675 3001 790 3044 nulla
819 3007 885 3045 est
915 3016 1024 3057 quae
1052 3018 1135 3045 non
1164 3002 1219 3045 ad
1252 3002 1502 3059 scripturam
1531 3003 1782 3047 tralaticiam
1811 3001 2025 3064 ὂίγλαυρος
2053 3003 2270 3055 referatur,
2300 3001 2392 3046 sive
2419 3000 2467 3045 id
2482 2998 2661 3057 simplex
2675 3010 2771 3041 esse

297 3085 482 3134 putatur,
515 3080 605 3122 sive
634 3094 731 3122 cum
761 3076 874 3138 αἷὲρα
903 3081 1183 3137 compositum
1214 3081 1274 3123 sic
1302 3087 1350 3122 ut
1378 3081 1446 3123 vel
1473 3081 1636 3137 limpidi
1665 3082 1784 3124 fluvii
1813 3082 2105 3139 significentur
2130 3083 2197 3125 vel
2224 3080 2359 3139 aprici
2387 3079 2607 3135 ventisque
2636 3089 2768 3131 expo-

300 3156 382 3200 siti.
440 3157 500 3199 Et
529 3157 603 3212 qui
631 3157 684 3201 de
713 3156 937 3202 metathesi
963 3159 1127 3215 loquuti
1156 3165 1267 3213 sunt,
1299 3155 1517 3217 ὅγραυλος
1544 3160 1716 3217 quidem
1751 3160 1955 3219 scriptum
1989 3161 2236 3206 invenerunt
2266 3159 2343 3204 sed
2370 3160 2415 3203 id
2442 3171 2519 3214 pro
2549 3153 2769 3214 ὅγλαυρος
