3012 3517
1384 287 1421 329 4

165 434 308 479 μοραε
349 419 442 464 ἀλλ’
483 421 646 478 ἐλέγχει
683 418 839 472 αὐτοὺς
876 420 925 465 τὸ
958 419 1162 479 δεύτερον
1192 418 1438 479 πρόσωπον
1467 420 1656 480 ἔμμορες
1685 420 1817 466 Exco.
1850 420 1993 468 Cram.
2024 422 2074 468 Τ.
2091 423 2176 470 ΙΠ.
2208 426 2306 482 263,
2338 428 2393 471 24
2407 443 2535 484 quam
2551 444 2646 473 sen-

167 497 345 540 tentiam
383 497 704 542 Choeroboscus
749 495 856 541 Can.
887 499 984 542 593.
1022 498 1105 540 alio
1150 499 1372 542 confirmat
1407 505 1678 555 argumento:
1725 501 1903 560 μέμορα
1938 500 2042 546 καθ’
2084 501 2420 563 ὖπερβιβασμόν
2456 506 2648 566 ἔμμορεν

165 578 364 633 κρεῖττον
394 578 444 623 δέ
470 576 587 623 ἐστιν
617 575 759 622 εἰπεῖν
789 575 859 621 ὅτι
889 575 1104 634 ἀορίστου
1134 579 1252 623 ἐστὶν
1283 579 1439 636 ἐμορεν
1477 577 1547 621 καὶ
1578 577 1620 620 ἔν
1651 584 1915 638 πλεονασμῷ
1937 583 2015 624 τοῦ
2052 584 2114 635 μῦ
2145 583 2346 639 ἔμμορεν.
2406 586 2553 641 Δηλοῖ
2594 588 2644 630 δὲ

163 657 296 698 τοῦτο
328 654 403 699 καὶ
431 655 481 699 τὸ
511 657 656 713 τρίτον
683 657 769 699 τῶν
798 656 1112 713 πληθυντικῶν
1141 656 1359 714 ε’ζιιμορον,
1407 656 1525 711 cujus
1563 656 1758 713 exempla
1794 657 1896 700 satis
1934 658 1977 699 in
2012 665 2182 715 promtu
2219 666 2338 710 sunt3
2376 660 2430 703 de
2457 661 2648 719 perfecto

161 728 263 773 olim
293 730 566 776 dubitabatur
593 731 743 779 ETM.
773 733 871 786 335,
902 733 972 779 26.
1004 730 1046 779 εἴ
1075 735 1160 795 γὰρ
1189 727 1240 793 ἦν
1268 734 1615 794 παρακαιᾝμενος
1646 723 1893 795 ἔμμόρασιν
1923 733 2034 792 εἶχεν
2063 733 2200 788 εἶναι,
2228 744 2272 781 et
2300 739 2470 782 brevius
2500 740 2641 796 Epim.

158 807 196 853 Ῑ.
231 811 328 863 156,
363 815 413 854 14
443 811 639 871 ἔμμορον
667 811 747 858 σνίι
775 811 1021 872 ἰμμόρασι,
1061 814 1137 857 sed
1172 812 1299 856 hodie
1335 812 1462 870 hujus
1499 829 1665 870 quoque
1702 816 1904 888 temporis
1941 814 2134 871 exempla
2169 816 2377 871 quaedam
2407 817 2642 874 evestigata

160 892 274 934 sunt.
306 885 537 933 Geminum
566 896 631 934 est
659 889 774 934 verbi
806 889 920 937 σεῦω
948 892 1184 949 perfectum
1215 893 1401 948 σέσυμαι
1432 894 1506 938 καὶ
1536 894 1581 938 ἐν
1610 888 1855 951 ὑπερθέσει
1886 897 1966 937 τοῦ
1995 912 2016 938 ε
2046 893 2234 950 ἔσσυμαι
2263 893 2409 938 ΕΤΜ.
2443 899 2539 947 383,
2571 903 2639 939 44.

155 964 302 1023 Epim
331 966 368 1011 Ι.
404 969 498 1019 156,
533 970 598 1011 25.
627 969 777 1012 Restat
813 985 914 1012 vero
952 970 1166 1026 singulare
1202 984 1339 1027 genus
1377 972 1765 1021 transmutationis,
1809 972 1863 1013 de
1900 986 1985 1027 quo
2019 973 2160 1029 agitur
2187 973 2231 1014 in
2260 971 2407 1019 ΕΤΜ
2442 972 2540 1024 788,
2571 979 2641 1016 40

155 1039 303 1089 Schol.
332 1044 430 1088 BL.
461 1046 516 1088 ad
543 1046 593 1089 Il.
625 1049 660 1097 Ι,
695 1047 787 1090 190.
817 1049 944 1106 παρὰ
984 1050 1035 1092 τὸ
1074 1048 1232 1108 σφάζω
1263 1049 1490 1106 σφάγανον
1518 1052 1591 1094 καὶ
1620 1049 1866 1106 ὑπερθέσει
1898 1049 2136 1107 φάσγανον·
2167 1048 2195 1107 ἢ
2225 1051 2349 1107 παρὰ
2378 1051 2429 1093 τὸ
2460 1049 2638 1108 φάσθαι

153 1120 341 1181 (φάσαι)
372 1125 423 1169 τὸ
454 1127 681 1183 φονεῦσαι.
710 1123 869 1169 Nostra
899 1126 1107 1170 sententia
1137 1127 1198 1170 sic
1228 1133 1307 1180 est,
1338 1143 1363 1169 a
1392 1127 1606 1183 primitivo
1637 1128 1754 1184 φάω,
1785 1129 1907 1183 cujus
1921 1128 2154 1184 perfectum
2171 1134 2236 1170 est
2253 1126 2508 1185 πεφάσθαι,
2537 1143 2639 1185 pro—

152 1201 285 1244 cessit
312 1202 468 1261 σφάζω
496 1203 739 1260 praeposito
768 1203 907 1260 sigma
938 1212 980 1247 et
1010 1205 1110 1246 hinc
1141 1205 1306 1263 σφαγή,
1337 1220 1362 1246 a
1391 1220 1476 1260 quo
1506 1206 1730 1264 σφάγανον
1758 1205 1940 1247 derivari
1968 1211 2153 1260 poterat;
2186 1204 2260 1246 sed
2288 1204 2460 1260 linguae
2488 1211 2637 1247 aucto-

149 1291 221 1323 res
248 1287 552 1336 praeoptatum
581 1281 719 1337 sigma
745 1282 1068 1338 pleonasticum‚
1101 1296 1186 1336 quo
1216 1282 1390 1338 gravius
1421 1288 1590 1323 sonaret
1620 1282 1783 1338 syllaba
1812 1281 2024 1338 princeps,
2056 1281 2113 1323 ab
2141 1279 2259 1323 initio
2288 1280 2380 1336 ejus
2411 1281 2639 1324 transferre

148 1354 207 1398 ad
234 1353 364 1400 finem
374 1373 386 1406 ;
417 1358 572 1401 mansit
600 1372 699 1401 vero
726 1357 951 1402 immotum
980 1359 1025 1401 in
1054 1359 1211 1403 herbae
1241 1360 1410 1402 nomine
1441 1360 1648 1418 σφάγνος,
1682 1360 1724 1404 οἱ
1755 1361 1803 1404 δὲ
1834 1359 2059 1418 φάσγανον
2088 1358 2235 1401 Diosc.
2265 1357 2373 1400 Mat.
2397 1358 2432 1401 Ι.
2467 1362 2533 1410 19,
2567 1363 2632 1402 35.

146 1428 317 1477 Eadem
343 1433 464 1477 litera
493 1435 715 1492 supposita
743 1451 771 1479 a
799 1435 987 1480 themate
1014 1437 1132 1495 μίγω
1161 1438 1353 1495 germani
1386 1436 1544 1481 Graeci
1571 1439 1716 1496 μίσγω
1745 1437 2011 1489 derivarunt,
2048 1436 2279 1494 degeneres
2312 1437 2452 1494 σμίγω
2482 1435 2632 1479 Medd.

145 1509 290 1569 Μῦες.
320 1527 362 1570 p.
395 1517 463 1562 43.
493 1521 536 1558 et
564 1514 635 1558 alii
663 1530 703 1560 v.
736 1513 898 1559 Techu.
931 1531 972 1574 p.
1004 1516 1071 1559 50.
1102 1513 1324 1560 Mutarum
1357 1508 1472 1560 nulla
1501 1522 1565 1561 cst
1596 1532 1705 1574 quae
1738 1514 2002 1574 migrationis
2034 1513 2316 1574 suspicionem
2356 1515 2542 1559 moverit.

1313 1663 1365 1708 c,
1402 1664 1465 1706 11.

1091 1776 1214 1831 De
1246 1773 1694 1843 hymen-thesi·

253 1913 283 1965 ἦ.
319 1914 355 1954 1.
415 1910 560 1967 Hujus
590 1917 689 1953 sunt
718 1925 873 1969 genera
903 1910 1038 1954 multa
1076 1915 1117 1952 et
1154 1908 1323 1951 diversa
1359 1922 1436 1963 pro
1474 1922 1648 1950 numero
1687 1914 1728 1948 et
1765 1908 1910 1951 ordine
1948 1908 2162 1951 literarum
2193 1922 2302 1963 quae
2331 1909 2373 1950 in
2404 1909 2628 1953 discrimen

144 1988 327 2035 veniunt.
358 1988 506 2032 Prima
531 1995 576 2031 et
606 1987 923 2044 simplicissima
950 1986 1060 2029 ratio
1097 1993 1162 2028 est
1198 2000 1250 2028 ea
1286 2000 1370 2042 qua
1401 1999 1585 2027 consona
1614 1985 1749 2027 vocali
1777 1985 2021 2042 praeposita
2050 1986 2088 2028 ei
2117 1985 2387 2043 postponitur
2415 2001 2547 2044 eoque
2577 2003 2628 2031 ex

142 2064 280 2122 prima
310 2067 471 2123 syllaba
500 2067 652 2110 transit
680 2066 725 2109 in
754 2067 929 2110 alteram
958 2064 1040 2109 hoc
1069 2065 1196 2109 modo
1227 2082 1322 2109 νε-ιι
1351 2081 1442 2119 ενα,
1475 2069 1595 2108 θεοω
1627 2068 1760 2109 ε-θω.
1789 2062 1902 2109 Ἀπὸ
1932 2068 2012 2109 τοῦ
2042 2065 2166 2109 ἔννεα
2198 2062 2389 2123 ὤφειλεν
2418 2061 2530 2112 εἶναι
2561 2068 2626 2113 ἐν·

143 2142 355 2189 νεάκοντα
384 2147 458 2190 καὶ
494 2145 600 2191 καθ’
640 2144 888 2205 ὑπέρθεσιν
923 2144 1202 2195 ἐνενοὶκοντα,
1235 2142 1328 2187 ἀλλ’
1369 2143 1525 2200 ἐπειδὴ
1557 2141 1582 2185 ὁ
1616 2140 1884 2199 πεντήκοντα
1920 2144 1993 2186 καὶ
2032 2142 2074 2186 οἱ
2112 2144 2265 2186 λοιποὶ
2295 2144 2478 2201 ἀριθμοὶ
2509 2136 2598 2202 τῷ-
2602 2161 2626 2202 η

143 2222 490 2281 παραλήγονται,
523 2223 683 2269 τούτου
709 2224 836 2282 χάριν
865 2225 979 2268 κατὰ
1011 2223 1308 2282 συνεκδρομὴν
1338 2221 1513 2267 ἐκείνων
1550 2220 1741 2280 ἔστρεψε
1770 2221 1820 2265 τὸ
1853 2211 1892 2265 ἶ
1911 2212 2021 2279 εἶς-η
2059 2222 2133 2265 καὶ
2169 2223 2341 2278 γέγονεν
2377 2221 2627 2280 ἐνενήκοντα

145 2299 360 2346 Ghoerob.
390 2302 511 2347 Orth.
546 2307 642 2355 213,
677 2308 742 2347 30.
772 2301 919 2347 ΕΤΜ.
954 2307 1047 2356 308,
1081 2307 1146 2346 48.
1179 2301 1291 2345 Illud
1320 2299 1574 2346 ἐννεάκοντα
1604 2315 1688 2343 non
1717 2299 1874 2356 legitur
1903 2299 1979 2342 sed
2008 2299 2121 2355 quod
2151 2298 2250 2341 hinc
2280 2306 2539 2342 contractum
2564 2309 2627 2342 est

145 2379 379 2438 ἐννήκοντα
407 2381 642 2425 Homerum
674 2389 888 2425 auctorem
918 2382 1046 2425 habet
1074 2381 1203 2437 idque
1232 2379 1411 2422 fortasse
1440 2393 1466 2421 a
1494 2377 1703 2436 principio
1732 2391 1815 2420 non
1846 2377 1907 2419 sic
1938 2376 2111 2420 sonabat
2142 2376 2218 2419 sed
2246 2376 2454 2422 νεάκοντα
2478 2377 2545 2421 vel
2560 2396 2626 2423 νε-

146 2457 359 2503 νεόκοντα
386 2458 611 2516 ipsumque
638 2460 903 2518 primitivum
933 2461 1011 2504 νέα
1040 2459 1108 2501 vel
1142 2459 1267 2504 νενέα
1305 2457 1414 2500 sicut
1449 2459 1493 2498 in
1522 2456 1616 2499 aliis
1645 2455 1803 2512 linguis
1833 2455 1977 2506 niun,
2007 2469 2164 2506 neun,
2195 2468 2375 2497 novem
2405 2461 2483 2498 etc.
2527 2454 2628 2497 Alia

148 2535 441 2591 addiqpschol.
471 2537 570 2580 AB.
599 2539 652 2579 ad
682 2539 731 2581 11.
763 2541 819 2581 11.
854 2541 949 2581 219.
981 2536 1175 2596 ἇνήνοθε
1205 2534 1298 2580 ἀπὸ
1329 2538 1408 2579 τοῦ
1438 2536 1534 2580 θέω
1563 2533 1887 2593 ὖπερβιβοισμῷ
1917 2533 2012 2577 ἔθω
2035 2532 2094 2584 ὥς
2109 2519 2506 2591 (55015910.‹'Verum
2523 2530 2629 2590 ἀνή-

151 2619 259 2659 νοθε
287 2597 343 2657 ab
374 2612 559 2661 ἇναθέω
597 2616 830 2659 derivatum
867 2630 962 2660 esse
998 2614 1174 2659 minime
1211 2618 1372 2657 certum
1409 2621 1495 2665 est,
1538 2627 1616 2656 nec
1654 2612 1793 2670 magis
1830 2610 2060 2667 probantur
2095 2610 2167 2668 qui
2204 2608 2472 2667 participium
2508 2609 2628 2654 ἔθων

153 2690 204 2733 11.
234 2692 316 2737 IX.
342 2695 437 2736 540.
465 2709 545 2752 pro
574 2696 696 2739 θέων
725 2701 988 2751 acceperunt.
1026 2695 1254 2751 Προσέθω
1285 2691 1534 2751 προσθήσω
1571 2691 1678 2733 Hes,
1715 2690 1917 2733 mendose
1960 2689 2163 2745 scriptum
2200 2694 2264 2728 est
2298 2700 2376 2743 pro
2413 2687 2627 2748 προσθέω

157 2769 273 2824 quod
298 2771 433 2816 ionice
463 2771 619 2814 dicitur
646 2787 723 2828 pro
753 2776 960 2830 προσθῶ.
989 2771 1124 2815 Verbi
1160 2770 1271 2827 epici
1308 2769 1414 2828 εἷ’ρω
1451 2769 1608 2825 duplex
1643 2768 1776 2812 fuisse
1810 2766 2062 2824 principium
2100 2766 2187 2822 ἔρω
2217 2770 2259 2806 et
2287 2765 2375 2824 ῥέω
2406 2763 2629 2807 diversitas

156 2846 547 2894 inclinamentorum
576 2849 762 2892 declarat
789 2865 830 2893 v.
862 2849 917 2892 ad
945 2849 1108 2892 Buttm.
1143 2852 1237 2894 166.
1268 2847 1437 2903 Hisque
1467 2846 1620 2889 similia
1648 2845 1857 2901 quaedam
1885 2843 2006 2886 attuli
2034 2844 2078 2884 in
2108 2841 2268 2885 Techn.
2304 2845 2383 2884 138
2399 2840 2629 2884 sedinusu

158 2923 322 2968 nullum
350 2928 554 2981 reperitur
581 2942 788 2985 praesens¹
814 2925 1124 2971 commutabile.
1178 2924 1326 2977 Ὀθῶς
1354 2926 1521 2980 ταχέως
1549 2923 1655 2967 Hes.
1685 2939 1761 2980 pro
1791 2921 1916 2974 θόως
1950 2920 2148 2963 tribuitur
2175 2919 2369 2962 librariis.
2395 2915 2566 2977 Ἶλαρός
2586 2925 2629 2960 et

160 3003 317 3062 λιαρός
344 3019 429 3048 non
458 3004 601 3048 ordine
629 3006 844 3048 literarum
873 3012 921 3048 ut
949 3004 1204 3048 Eustathius
1236 3008 1302 3057 46,
1320 3003 1358 3048 5.
1382 3010 1524 3045 censet
1548 3001 1623 3044 sed
1637 3008 1725 3044 toto
1740 3015 1894 3058 genere
1909 2999 2121 3042 differunt.
2152 2998 2277 3039 Ficto
2291 2995 2423 3039 utitur
2435 2995 2577 3053 Epim.
2592 2995 2630 3039 1.

163 3086 258 3137 367,
295 3086 360 3128 10.
391 3085 517 3144 παρὰ
546 3084 595 3129 τὸ
625 3080 730 3137 ἶπος
759 3084 898 3138 ἶπάζω
936 3085 1009 3129 καὶ
1047 3084 1094 3129 ἐν
1123 3082 1367 3143 ὑπερθέσει
1399 3082 1558 3138 πιάζω,
1589 3081 1701 3138 quod
1732 3080 1767 3123 si
1797 3077 2018 3135 probasset
2046 3075 2318 3120 Herodianus
2348 3073 2456 3119 Mor.
2488 3081 2557 3129 44,
2588 3076 2626 3118 2.
