3012 3517
1342 285 1410 327 14

673 443 908 508 Facultas
959 444 1252 508 modicorum
1299 448 1404 507 tros
1455 444 1680 520 proponit
1721 444 2063 521 quaestionem

239 577 300 639 1)
335 573 643 626 instituantur
680 572 1052 638 disquisitiones
1089 572 1154 622 de
1189 572 1413 638 penitiori
1459 587 1627 621 renum
1663 578 1907 623 structura
1939 573 1990 621 in
2024 574 2198 625 avibus

236 717 296 780 2)
329 719 711 778 recenseantur,
747 731 873 780 quae
909 713 1093 767 nostris
1129 711 1424 781 temporibus
1466 712 1687 764 instituta
1723 721 1836 766 sunt
1872 715 2211 783 experimenta
2244 717 2379 766 circa
2404 717 2607 784 salivae,

343 830 485 881 succi
536 828 746 895 gastrici
799 834 851 879 et
902 827 1015 879 bilis
1068 827 1312 877 actionem
1369 827 1417 875 in
1462 826 1768 893 digestione,
1822 844 1918 879 nec
1971 845 2067 879 non
2112 829 2386 903 sententiae
2431 829 2608 880 iisdem

1184 942 1550 1005 superstructae

241 1083 303 1146 3)
342 1084 640 1149 exponatur,
678 1079 791 1147 quid
817 1095 908 1147 per
935 1078 1226 1132 decennium
1252 1077 1561 1147 praeteritum
1579 1077 1958 1146 Haematologia
1982 1078 2300 1148 pathologica
2317 1088 2369 1132 et
2387 1080 2608 1132 doctrina

1038 1193 1101 1242 de
1138 1191 1363 1242 crasibus
1399 1193 1705 1261 profecerint.

826 1443 1198 1550 Facultas
1263 1443 1913 1522 Philosophorum.

246 1595 303 1658 l)
339 1594 675 1646 examinentur
728 1599 779 1646 et
831 1591 1158 1660 dijudicentur
1213 1599 1500 1660 argumenta
1551 1610 1670 1659 quae
1722 1593 1786 1644 ad
1832 1592 2255 1645 demonstrandam
2298 1596 2439 1662 pacis
2483 1596 2609 1647 inter

643 1707 855 1773 populos
900 1711 1134 1756 aeternae
1180 1707 1537 1757 necessitatem
1582 1705 1791 1756 Kantius
1837 1706 2038 1774 protulit

240 1818 303 1884 2)
341 1818 682 1871 examinentur
725 1818 1078 1870 commotiones
1132 1818 1397 1869 incolarum
1439 1819 1705 1869 Borussiae
1757 1834 1847 1884 per
1900 1834 2055 1868 annos
2110 1819 2392 1870 1837—49
2429 1826 2525 1870 tum
2560 1822 2607 1869 in

344 1930 547 1983 urbibus
584 1936 681 1981 tum
715 1932 764 1979 in
803 1931 940 1995 agris
976 1931 1142 1980 factae
1179 1936 1424 1995 quatenus
1460 1931 1523 1978 ad
1558 1930 1863 1991 industriam,
1901 1946 2025 1994 quae
2060 1930 2209 1980 hodie
2246 1931 2437 1994 dicitnr,
2474 1948 2608 1982 com-

1112 2042 1389 2092 mercialem
1433 2041 1643 2107 pertinet

246 2160 295 2220 3)
333 2157 627 2210 ostendatur
697 2157 971 2209 differentia
1042 2160 1277 2209 orationis
1339 2159 1618 2210 homericae
1669 2165 1717 2208 ct
1769 2159 2091 2224 posteriorum
2136 2165 2388 2222 poctarum
2435 2159 2609 2222 epico-

346 2289 447 2320 rum
482 2271 531 2320 in
568 2287 660 2320 usu
697 2268 1022 2336 epithetorum
1058 2272 1212 2321 certis
1248 2271 1570 2320 substantivis
1607 2272 1686 2320 vel
1721 2278 1857 2322 certo
1877 2271 1997 2320 subs
2021 2271 2286 2319 antivorum
2305 2271 2478 2335 generi
2498 2271 2608 2337 plns

351 2383 504 2434 minus
537 2383 738 2434 firmiter
772 2382 1164 2446 adhaerentium,
1199 2384 1371 2450 partim
1407 2400 1496 2448 pro
1532 2383 1659 2449 ipsis
1701 2383 2018 2434 substantivis
2066 2388 2403 2433 assumtorum.
