2991 3517
1371 372 1436 414 12

166 505 354 563 positum
389 517 484 548 esse
519 509 773 547 sumserunt.
846 503 1135 549 Schneiderus
1180 518 1280 546 vero
1309 504 1405 558 jure
1442 503 1641 559 praetulit
1670 502 1905 563 ἅγλαυρος,
1937 505 2052 559 quod
2079 506 2193 549 idem
2221 513 2347 564 poete
2376 522 2416 551 v.
2448 509 2544 553 441.
2574 523 2650 566 pro

166 582 350 639 simplici
386 579 545 638 ἀγλαός
580 581 803 637 usurpavit
838 582 891 625 cf.
928 581 1058 627 Pron.
1091 583 1187 626 259.
1226 581 1381 636 Aeque
1416 581 1578 623 fluxum
1621 589 1687 623 est
1723 582 1920 625 heroiuae
1964 597 2116 625 nomen
2162 600 2203 629 v.
2241 585 2352 628 Keil.
2391 583 2548 631 Onom.
2582 591 2648 631 42.

168 658 302 714 Quod
333 659 489 705 Suidas
519 660 691 718 scripsit
715 659 1050 720 ’Λβριιιέστερον
1079 659 1398 721 ἀληθέστερον,
1429 675 1482 703 ex
1511 674 1650 703 errore
1678 668 1827 704 natum
1855 661 2033 704 habetur
2060 676 2138 719 pro
2168 661 2493 723 ἀκριβέστερον.
2523 663 2652 710 Nun..

168 753 281 784 vero·
300 739 483 798 suspicio
513 740 720 798 contingit
746 740 877 783 verba
906 740 1137 801 ψαθάλλω
1168 747 1210 783 et
1240 739 1479 800 ψαλάηω,
1518 753 1698 794 quorum
1727 745 1955 796 utrumque
1983 755 2009 783 a
2038 740 2151 801 ψάω
2178 741 2417 787 derivatum
2444 751 2533 797 est,
2569 744 2650 788 hoc

166 826 399 876 praeeunte
426 818 556 861 verbo
585 817 763 878 ψάλλω,
793 818 901 861 illud
929 819 1052 875 quasi
1082 834 1108 861 a
1140 819 1304 877 ψήθω,
1345 819 1466 874 cujus
1504 817 1692 874 speciem
1719 817 1847 860 refert
1875 832 2026 861 nomen
2056 819 2279 878 ψαθυρός
2306 821 2396 864 sive
2423 821 2653 882 ψαθυρός.

166 896 335 942 Varum
362 911 445 940 non
474 896 614 940 solum
643 895 867 940 continuae
897 896 1087 953 syllabae
1121 911 1327 940 consonas
1356 896 1467 940 inter
1495 910 1541 939 se
1571 895 1871 939 trausmndunt
1901 895 1975 939 sed
2005 895 2133 939 etiam
2163 896 2419 947 disiunctae:
2452 900 2580 958 παρὰ
2599 916 2648 945 ιο

168 973 406 1032 ἇμαλδύνω
449 974 706 1030 cimil-daven
742 976 793 1019 τὸ
833 972 1000 1033 ἀφανές
1037 976 1113 1020 καὶ
1156 974 1414 1031 ἀμάνδαλον
1453 973 1558 1033 παρ’
1593 973 1777 1032 Ἀλκαίῳ
1816 974 1963 1019 ΕΤΜ.
2004 975 2079 1026 76,
2122 977 2189 1019 51.
2223 974 2338 1018 unde
2372 983 2438 1019 est
2471 976 2649 1021 verbum

161 1051 432 1108 Ἀμανόαλοῖ
459 1052 665 1114 ἀφανίζει
693 1052 802 1098 Hes.
832 1052 930 1096 Non
958 1052 1019 1096 ita
1047 1053 1218 1097 facilem
1247 1052 1506 1111 explicatum
1535 1052 1664 1096 habet
1693 1053 1895 1104 alterum3
1925 1052 2122 1110 βόλιμος·
2152 1055 2231 1113 τὴν
2254 1055 2522 1114 παραγωγὴν
2538 1053 2648 1102 ἀπέ-

165 1134 294 1178 δωκε·
323 1133 400 1178 καὶ
427 1133 477 1178 τὸ
507 1129 828 1191 σημαινόμενον
859 1131 1003 1186 οὕτως
1033 1127 1162 1193 εὗρον
1199 1131 1261 1185 εἷς
1297 1134 1347 1178 τὸ
1386 1119 1620 1193 ῥητορικὸν
1658 1132 1841 1187 λεξικόν·
1862 1129 1983 1181 Ἔστι
2012 1131 2196 1191 μόλιβος
2225 1134 2298 1189 uqi
2327 1134 2436 1179 κατὰ
2468 1134 2649 1180 ἐναλλα-

164 1211 246 1268 γὴν
271 1209 459 1268 βόλιμος
488 1212 610 1270 παρὰ
639 1212 961 1270 Συρακουσίοις
988 1211 1139 1254 ΕΤΜ.
1172 1213 1269 1263 204,
1301 1212 1369 1255 39.
1406 1210 1493 1253 Hic
1520 1225 1763 1268 paragogae
1802 1211 1959 1255 mentio
1987 1212 2147 1255 clarum
2176 1212 2278 1255 facit
2308 1210 2648 1256 Grammaticum

163 1302 316 1332 nomen
352 1288 542 1346 βόλιμος
569 1304 647 1346 pro
675 1287 866 1332 derivato
895 1288 1108 1332 habuisse.
1160 1287 1477 1341 Quaerentibus
1508 1303 1608 1331 vero
1637 1289 1750 1332 unde
1778 1288 1824 1331 id
1853 1289 2091 1346 derivatum
2121 1276 2359 1340 crediderit,
2389 1288 2494 1331 nihil
2524 1290 2648 1333 citius

161 1365 207 1409 in
241 1372 428 1411 mentem
464 1367 580 1412 venit
616 1380 747 1423 quam
782 1365 936 1421 βόλος)
974 1367 1097 1422 cujus
1132 1366 1328 1424 proxima
1362 1380 1554 1424 propago
1589 1372 1656 1410 est
1691 1367 1830 1423 βολίς.
1861 1366 1960 1410 Hoc
1989 1372 2132 1410 autem
2161 1366 2330 1411 nomine
2358 1367 2477 1410 varia
2506 1366 2648 1411 decla-

160 1450 307 1488 rantur
333 1445 616 1489 instrumenta
650 1444 873 1501 plumbea3
911 1444 1097 1501 primum
1136 1444 1414 1500 μολὺβόαινα
1457 1445 1500 1488 u
1531 1444 1714 1490 XXIV.
1754 1447 1819 1490 80.
1849 1459 1978 1500 quam
2010 1443 2151 1490 Schol,
2190 1445 2352 1499 βολίόα
2381 1453 2526 1496 vocet,
2568 1445 2647 1488 hoc

161 1526 228 1564 est
254 1520 457 1577 glandula
483 1521 700 1579 plumbea,
732 1536 841 1578 quae
871 1537 969 1565 cum
999 1522 1127 1565 hamo
1155 1523 1199 1564 in
1229 1537 1385 1577 aquam
1416 1522 1646 1578 projicitur,
1678 1529 1769 1565 tum
1799 1522 2045 1577 catapirata,
2076 1537 2160 1576 quo
2190 1522 2318 1564 maris
2347 1522 2526 1565 altitudo
2556 1531 2646 1565 ten-

161 1603 289 1648 tatur,
320 1598 564 1655 germanico
591 1599 760 1643 nomine
791 1597 1066 1650 Senkblei,
1102 1600 1245 1643 italico
1274 1599 1568 1656 piombino,
1605 1608 1648 1641 et
1683 1600 1795 1656 pilae
1821 1599 2068 1656 plumbeae,
2109 1614 2214 1653 quos
2245 1598 2400 1641 milites
2427 1599 2471 1640 in
2503 1600 2646 1642 hostes

152 1675 412 1730 jaculantur,
441 1663 594 1734 graece
622 1677 945 1732 μολιβδόβολοι
976 1678 1114 1719 dictae
1144 1678 1220 1719 Du
1253 1676 1389 1733 Cang.
1421 1678 1537 1718 Hinc
1565 1678 1697 1732 igitur
1725 1678 1816 1728 ille,
1848 1678 1885 1719 si
1913 1678 2015 1731 quid
2052 1677 2197 1726 video,
2236 1677 2517 1730 conjecturam
2547 1678 2644 1718 fecit

160 1768 308 1798 veram
336 1755 519 1799 nominis
549 1755 801 1814 scripturam
829 1770 924 1799 esse
952 1754 1141 1811 βόλιμος
1169 1764 1216 1798 ut
1252 1771 1278 1799 a
1308 1755 1452 1808 λόπος
1489 1755 1683 1812 λόπιμος
1711 1756 1964 1813 proprieque
1986 1755 2244 1811 jaculum,
2275 1754 2477 1798 missile
2510 1755 2644 1813 signi-

160 1832 301 1878 ficare.
362 1833 523 1878 Veram
551 1840 694 1878 tamen
723 1847 818 1878 esse
845 1833 957 1877 hanc
986 1833 1246 1878 notationem
1276 1833 1449 1877 minime
1479 1833 1708 1891 persuadet
1737 1833 1814 1877 sed
1842 1833 2070 1890 μόλιβδος,
2103 1832 2139 1876 si
2168 1830 2363 1876 hariolari
2387 1840 2523 1885 vacat,
2555 1834 2645 1878 sive

158 1909 380 1967 μόλυβδος
407 1911 550 1970 potius
581 1925 681 1956 cum
708 1911 885 1956 mollis
913 1915 1063 1968 μῶλυς
1091 1911 1290 1968 μαλακός
1329 1911 1540 1955 cohaeret.
1578 1910 1781 1954 Fluctuat
1817 1911 1934 1955 urbis
1970 1908 2163 1967 Libycae
2199 1927 2352 1955 nomen
2388 1910 2415 1968 ἡ
2458 1911 2643 1970 Τανάπη

159 1989 245 2033 Dio
277 1989 404 2034 Cass.
433 1990 547 2034 LIV.
578 1992 619 2033 5.
650 1998 693 2033 et
721 1992 778 2035 τὰ
807 1990 1009 2035 Νάπατα
1040 1991 1188 2034 Strab.
1221 1989 1370 2046 Steph.
1405 1992 1453 2032 Ιιι
1485 1991 1601 2032 exitu
1630 1990 1757 2045 hujus
1786 1990 1867 2032 loci
1897 1991 1982 2032 duo
2019 1991 2191 2033 afferam
2225 2006 2334 2045 quae
2364 1992 2465 2032 nulli
2495 1992 2642 2033 allato-

159 2084 253 2111 rum
278 2069 466 2125 perfecte
494 2069 649 2120 similia
678 2076 792 2119 sunt,
824 2084 958 2112 unum
987 2069 1242 2119 derivatum,
1273 2070 1451 2110 alterum
1482 2069 1752 2110 declinatum.
1811 2069 1926 2111 Illud
1963 2077 2027 2110 est
2063 2070 2278 2112 τάλαντον
2315 2076 2357 2110 et
2387 2070 2641 2124 τανταλίζω,

159 2145 203 2189 in
232 2161 316 2203 quo
349 2146 509 2205 duplex
545 2147 730 2191 cernitur
765 2145 1059 2204 hyperthesis,
1096 2163 1182 2190 una
1209 2147 1354 2190 literae
1394 2148 1427 2198 ἶ,
1457 2161 1567 2202 quae
1603 2148 1648 2188 iu
1686 2145 1900 2202 primitivo
1936 2147 2116 2203 primam
2162 2147 2368 2203 syllabam
2405 2148 2565 2190 claudit
2599 2148 2641 2190 in

159 2225 348 2271 derivato
377 2225 620 2280 secundam,
652 2240 738 2282 qua
766 2224 928 2270 ratione
959 2226 1185 2282 Ζάμολξις
1216 2227 1272 2280 (si
1301 2226 1382 2269 hoc
1412 2240 1488 2282 pro
1517 2225 1671 2268 affecto
1700 2223 1923 2280 habemus)
1955 2225 2085 2269 distat
2112 2242 2139 2268 a
2168 2225 2406 2281 Ζάλμοξις,
2438 2226 2568 2269 altera
2590 2226 2641 2268 li—

158 2312 275 2347 terae
303 2312 388 2357 tau,
416 2319 526 2360 quae
552 2320 580 2347 a
607 2305 814 2362 principio
843 2304 992 2347 tertiae
1020 2305 1162 2347 ablata
1192 2304 1373 2346 eundem
1404 2304 1447 2344 in
1470 2303 1656 2346 secunda
1678 2303 1817 2345 locum
1840 2304 2081 2360 occupavit.
2116 2305 2353 2358 Θέλυμνον,
2385 2304 2497 2359 quod
2512 2305 2638 2347 etiam

154 2383 371 2437 θέλιμνον
400 2389 442 2425 et
469 2385 687 2439 θέλεμνον
716 2382 916 2426 soribitur
944 2397 1027 2425 uon
1057 2383 1269 2426 diversam
1300 2397 1326 2424 a
1355 2384 1586 2438 θέμεθλον
1616 2381 1707 2424 sive
1738 2384 1949 2437 θεμέλιον
1978 2381 2182 2438 originem
2214 2381 2368 2423 habere
2384 2382 2638 2438 significavit

157 2458 301 2507 schol.
333 2461 392 2503 ad
418 2460 468 2504 11.
496 2461 559 2504 X.
593 2464 658 2506 15.
689 2468 733 2504 et
762 2460 870 2503 XV.
903 2462 998 2503 479.
1033 2463 1081 2504 In
1111 2461 1324 2503 declinatu
1354 2467 1542 2503 mutatur
1573 2459 1688 2513 πνύξ
1716 2459 1879 2511 πυκνός
1905 2460 2148 2515 μετάθεσίς
2177 2460 2268 2504 ἐστι
2286 2463 2515 2514 στοιχείου·
2546 2461 2636 2506 ἔδει

155 2538 241 2595 γὰρ
278 2538 445 2589 πνυκός
475 2537 615 2585 Schol.
644 2541 722 2583 Ar.
752 2539 866 2595 qu.
901 2540 996 2582 165.
1029 2539 1104 2581 sed
1134 2547 1198 2581 est
1226 2539 1333 2581 haee
1361 2539 1503 2595 potius
1531 2537 1742 2581 restitutio
1771 2538 1886 2580 vocis
1915 2538 2192 2594 primigeniae
2224 2541 2333 2584 ἧῐῖν.
