3012 3517
0 2791 2 2795 ,
0 2697 8 2778 ...τ-ν

67 2807 75 2819 α

1432 338 1492 380 10

1315 397 1477 403 -ας-
1487 397 1605 404 -a—

219 473 338 527 τόξα.
373 475 484 520 ἔνιοι
516 475 564 520 δὲ
594 473 732 532 γυμνά
762 473 906 532 θήκης
935 472 1044 516 Hes.
1075 473 1241 518 Anecd.
1280 473 1418 517 Bekk.
1454 474 1550 515 422.
1590 472 1705 529 quod
1743 481 1784 516 et
1816 472 2073 519 ἀσκέπαστα
2104 472 2344 531 significare
2371 480 2512 531 potest
2540 481 2583 519 et
2612 474 2689 520 de-

220 553 367 597 stituta
396 554 610 599 involucro
638 552 828 611 pelliceo,
861 551 929 595 cui
958 566 1112 595 nomen
1141 558 1206 595 est
1236 552 1429 613 γωρυτός
1458 551 1679 611 τοξοθήκη
1712 551 1911 606 θύλακος
1938 551 2045 596 Hes.
2077 549 2167 596 Sed
2196 552 2374 598 affluunt
2402 553 2505 598 alia:
2536 555 2692 613 ξέστης

218 633 441 692 ῥωμαῖκόν
470 633 563 678 ε’στι
593 634 645 678 τὸ
676 630 827 688 ὄνομα·
859 632 934 675 τὸν
964 632 1047 689 γὰρ
1079 632 1129 684 ἕξ
1158 628 1354 690 ἔριθμον
1385 626 1509 675 οὗτοι
1539 632 1715 688 λέγουσι
1745 633 1835 685 σέξ.
1868 632 1941 676 καὶ
1970 632 2134 690 μέτρου
2156 632 2275 685 τινὸς
2287 632 2338 676 τὸ
2356 633 2481 677 ἕκτον
2497 634 2688 686 σέξστον”

219 711 294 754 διὰ
326 713 378 756 δὲ
406 710 627 769 εὐφωνίαν
656 712 707 755 τὸ
739 711 891 768 σέξτης
921 711 1096 767 λέγεται
1127 711 1280 767 ξέστης
1315 710 1424 753 κατὰ
1459 708 1702 764 μετάθεσιν
1738 714 1872 762 τοῦ-ε,
1899 709 2024 753 Οὕτω
2059 709 2296 761 Φιλόξενος
2325 710 2371 754 έν
2400 714 2463 769 τῷ
2492 712 2596 769 περὶ
2611 715 2692 768 τῆς

219 792 306 831 τῶν
344 789 561 845 Ρωμαίων
600 790 830 835 διαλέκτου
867 787 1015 832 Orion.
1056 793 1151 840 187,
1183 789 1249 830 38.
1289 788 1404 842 quod
1438 788 1630 845 pluribus
1668 787 1874 832 edisserui
1910 789 1955 830 in
1990 787 2143 831 Parall.
2187 791 2251 832 18.
2284 814 2333 823 —-
2367 789 2487 832 Idem
2521 792 2587 841 14,
2619 790 2688 832 21.

217 868 347 924 παρὰ
376 868 425 910 τὸ
454 869 604 922 μέλειν
634 866 832 923 ἀμελέως
860 868 934 911 καὶ
964 865 1210 924 ὑπερθέσει
1241 866 1439 922 ἀλεμέως
1469 868 1542 913 καὶ
1572 869 1808 912 ἑπενθέσει
1839 866 2079 923 ἀβλεμέως,
2110 866 2224 920 quod
2252 866 2325 907 vix
2345 866 2516 923 probari
2536 873 2691 923 potest,

215 945 268 983 In
297 944 552 1000 Panyasidis
582 946 754 1000 quidem
783 945 959 1001 Fragm.
990 945 1070 987 VI.
1104 945 1308 998 (Meinek.
1341 945 1481 985 Anall.
1513 960 1556 1000 p.
1587 946 1700 999 366)
1730 945 1803 987 ubi
1835 945 2106 987 convivantes
2134 949 2250 985 vetat
2279 942 2508 999 ἀβλεμέως
2532 943 2686 999 πίνειν,

217 1019 302 1063 hoc
329 1022 508 1065 fortasse
544 1023 696 1077 aliquis
729 1022 790 1064 ita
828 1023 1009 1078 accipiat
1041 1021 1217 1078 ἀμελῶς
1246 1024 1319 1067 καὶ
1350 1022 1688 1080 ἀπερισκέπτως
1717 1026 1796 1067 τοῦ
1827 1023 2025 1074 δέοντος,
2061 1022 2309 1077 neglecto
2339 1021 2538 1064 decoro.
2599 1020 2690 1063 Sed

215 1098 398 1141 multum
427 1115 572 1143 vereor
599 1106 648 1142 ut
678 1100 769 1143 sine
799 1099 880 1143 hac
909 1100 1178 1156 adjunctione
1209 1099 1383 1154 ἀμελῶς
1414 1101 1558 1146 πίνειν
1587 1101 1631 1143 id
1661 1108 1727 1144 est
1754 1100 2019 1158 negligenter
2046 1099 2191 1143 bibere
2219 1099 2304 1143 dici
2331 1099 2466 1157 possit
2486 1113 2563 1155 pro
2579 1097 2689 1155 ἀμέ-

214 1192 332 1235 τρως
361 1178 427 1219 vel
457 1177 631 1233 ἀμελῶς
660 1179 846 1237 γράφειν
874 1194 951 1235 pro
981 1179 1107 1221 nimis
1136 1180 1280 1222 multa.
1340 1181 1410 1221 Ac
1446 1179 1561 1221 nullo
1596 1179 1723 1221 modo
1760 1180 1822 1221 sic
1857 1179 2036 1235 intelligi
2063 1190 2242 1235 possunt
2270 1177 2458 1234 Longini
2486 1178 2617 1221 verba
2645 1178 2688 1220 in

213 1253 351 1300 Lexx.
380 1257 511 1299 citata
539 1257 589 1300 τὸ
620 1261 804 1315 πρᾶγμα
836 1255 1024 1313 ἀβλεμές
1053 1258 1328 1313 προσπίπτει
1360 1257 1440 1300 hoc
1469 1262 1534 1300 es't
1562 1257 1753 1301 leviter
1781 1257 1976 1313 tangit,
2006 1271 2142 1312 neque
2156 1256 2360 1299 Nicandri
2387 1256 2527 1314 βάρος
2557 1254 2689 1311 ἀβλε-

209 1333 290 1387 μές
318 1333 392 1378 Al.
423 1335 491 1378 82.
521 1335 634 1391 quod
665 1333 807 1379 Schol.
837 1335 1135 1393 interpretatur
1174 1335 1368 1395 ἀδρανὲς
1400 1335 1460 1388 ὡς
1496 1335 1586 1381 ἀπὸ
1625 1340 1704 1380 τοῦ
1742 1336 2068 1392 βλεμεαίνωη)
2105 1334 2260 1391 quibus
2295 1334 2505 1378 consentit
2542 1332 2687 1379 Schol.

204 1410 241 1452 11
268 1410 380 1455 XII.
413 1413 480 1457 42,
517 1412 712 1471 ἀβλεμής
750 1412 886 1472 ἀργός
925 1412 1019 1459 ἀπὸ
1059 1418 1138 1459 τοῦ
1182 1414 1435 1470 βλεμεαίνω
1474 1422 1516 1457 et
1545 1413 1671 1456 Eust.
1702 1412 1758 1455 ad
1787 1412 1829 1458 h.
1861 1412 1888 1456 l.
1919 1411 2110 1470 ἀβλεμής
2147 1411 2199 1457 οὗ
2231 1412 2469 1465 πεποιθώς
2499 1409 2690 1468 ἷίτολμος

208 1486 414 1549 ἀσθενής.
441 1490 593 1548 Neque
620 1497 832 1549 repugnat
859 1490 1015 1535 Pollux
1033 1493 1111 1537 111.
1147 1496 1239 1535 123.
1269 1492 1342 1548 qui
1358 1493 1578 1547 conjuncte
1601 1491 1722 1533 affert
1739 1489 2035 1550 ἀπροθύμως,
2066 1493 2266 1550 νωθρῶς,
2298 1489 2533 1549 ὀλιγώρως,
2559 1488 2689 1545 ἀβλε-

205 1568 343 1622 μέως,
373 1567 589 1622 ἀσθενῶς,
622 1568 807 1626 ἀμελῶς.
867 1569 984 1612 Hinc
1014 1570 1127 1613 enim
1156 1585 1239 1613 non
1277 1571 1467 1626 sequitur
1497 1568 1726 1626 ἀβλεμέως
1762 1575 1805 1613 et
1835 1568 2012 1625 ἀμελῶς
2045 1569 2159 1613 idem
2189 1568 2428 1626 significare
2457 1568 2534 1613 sed
2563 1583 2689 1625 saepe

204 1644 252 1687 in
279 1646 463 1690 eundem
490 1647 705 1691 hominem
734 1648 957 1692 convenire
966 1663 977 1697 ;
1008 1663 1107 1690 nam
1138 1650 1191 1692 τὰ
1223 1650 1396 1703 ἀμελῶς
1425 1649 1708 1708 πραττόμενα
1738 1648 1874 1691 solent
1902 1662 1997 1690 esse
2025 1647 2212 1690 invalida
2233 1653 2276 1690 et
2290 1645 2536 1690 inefficacia.
2571 1644 2687 1689 Con-

209 1723 386 1766 trarium
414 1740 515 1769 vero
544 1726 756 1783 significat
788 1728 1052 1783 ζαβλεμέως,
1084 1726 1199 1780 quod
1227 1726 1475 1783 Hesychius
1511 1728 1809 1782 interpretatur
1843 1725 2045 1784 μεγάλως
2081 1723 2321 1777 πεποιθώς
2354 1724 2400 1766 id
2429 1730 2494 1767 est
2523 1726 2687 1782 τολμη-

210 1805 311 1858 ρῶς,
342 1803 599 1860 προθύμως,
630 1809 861 1863 καρτερῶς,
899 1807 1078 1846 tortasse
1115 1819 1168 1846 ex
1204 1805 1297 1847 loco
1344 1812 1494 1862 poetae
1538 1805 1760 1860 cujusdam
1806 1806 2056 1860 ζαβλεμέως
2091 1803 2324 1858 ἐμάχοντο,
2362 1803 2583 1859 eidemque
2611 1817 2687 1859 pro

208 1880 412 1937 Ζαμελής
439 1881 643 1938 μεγάλως
674 1881 932 1934 πεποιθώς,
963 1880 1160 1942 εὔψυχος
1188 1882 1439 1925 Dindorfius
1476 1883 1519 1924 in
1556 1882 1691 1926 Thes.
1728 1881 1912 1923 restituit
1949 1881 2172 1938 ζαβλεμής.
2231 1880 2315 1922 His
2343 1879 2471 1922 rebus
2501 1880 2688 1923 adducor

206 1954 421 2012 Banyasin
449 1974 619 2015 quoque
651 1961 905 2016 ζαβλεμέως
933 1959 1156 2016 scripsisse
1184 1974 1269 2001 non
1299 1958 1526 2015 ἀβλεμέως
1552 1959 1683 2014 idque
1713 1972 1810 2000 cum
1841 1956 2018 2013 ἀμελῶς
2045 1958 2150 2000 nihil
2180 1958 2503 2001 necessitudinis
2531 1958 2687 2002 habere

208 2009 283 2075 {ed
310 2036 451 2091 potius
482 2037 737 2092 adjectivum
769 2036 966 2095 ἀβλεμὴς
994 2037 1253 2080 contrarium
1285 2037 1523 2094 significare
1552 2041 1632 2081 τοῦ
1660 2039 1847 2095 βριαρός
1875 2043 2189 2093 cognatumque
2210 2036 2270 2078 illi
2285 2036 2462 2079 verbum
2475 2036 2684 2093 βλεμεαί-

209 2129 294 2156 νειν
322 2121 363 2155 et
392 2129 495 2157 voce
525 2122 567 2158 et
595 2116 812 2158 intellectu
841 2131 1073 2172 congruere
1103 2130 1200 2158 cum
1229 2119 1370 2175 βριᾷν.
1430 2115 1628 2171 Longius
1658 2115 1714 2155 ab
1742 2114 2017 2170 intelligentia
2045 2121 2189 2156 nostra
2217 2122 2428 2157 remotum
2456 2122 2522 2157 est
2550 2117 2684 2159 νωλε-

206 2191 338 2243 ἢὲως,
369 2193 481 2248 quod
509 2193 651 2251 inepte
681 2194 915 2250 explicatur
944 2210 970 2237 a
1001 2192 1143 2237 Schol.
1172 2193 1301 2237 Dion.
1335 2193 1528 2237 Gramm.
1558 2210 1600 2249 p.
1633 2195 1727 2247 793,
1763 2195 1828 2235 15.
1859 2195 1983 2253 παρὰ
2012 2195 2063 2237 τὸ
2095 2197 2147 2241 ἦ,
2178 2196 2251 2238 καὶ
2281 2196 2332 2237 τὸ
2354 2195 2502 2249 μέλλω
2519 2190 2685 2252 ὤφειλε

200 2270 415 2326 λέγεσθαι
445 2274 687 2326 νωμελέως·
719 2275 893 2328 λέγεται
924 2274 973 2317 δὲ
1006 2274 1246 2327 νωλεμέως.
1288 2271 1535 2329 Βαρκάζειν
1565 2274 1615 2316 τὸ
1652 2271 1938 2330 βαρβαρίζειν
1978 2271 2151 2329 εἴρηται
2189 2270 2282 2315 ἀπὸ
2313 2275 2399 2314 τῶν
2428 2273 2687 2330 Καρβάνων·

205 2350 441 2404 Καρβᾶνες
476 2351 557 2407 γὰρ
594 2350 637 2394 οἱ
671 2350 893 2407 βάρβαροι
930 2349 1076 2392 ΕΤΜ.
1117 2349 1239 2392 Suid.
1277 2350 1389 2391 unde
1419 2349 1696 2406 καρβάνιζειν
1726 2349 1966 2390 ducendum
1995 2356 2104 2399 erat,
2136 2350 2211 2391 sed
2238 2355 2434 2391 neutrum
2463 2350 2685 2392 invenitur.

202 2422 295 2466 Nec
324 2425 466 2480 magis
498 2432 534 2468 Γ
533 2427 739 2483 λαγκάζει
769 2427 922 2485 κράζει
952 2426 1100 2469 Zonar.
1140 2431 1234 2471 442.
1274 2434 1315 2470 et
1343 2428 1512 2470 Psellus
1550 2444 1576 2470 a
1605 2428 1853 2469 Tittmanno
1890 2429 2030 2470 editus
2065 2443 2107 2483 p.
2141 2426 2289 2470 CXV.
2319 2443 2358 2470 v,
2390 2431 2457 2470 44.
2488 2427 2684 2470 Nominis

203 2501 402 2544 defectivi
431 2505 722 2547 accusativum
760 2504 979 2563 πείρινθα
1018 2502 1163 2546 Schol.
1196 2504 1281 2548 Od.
1311 2506 1420 2550 XV.
1457 2509 1549 2550 131.
1578 2506 1635 2548 ad
1663 2507 1807 2564 πέρας
1834 2505 1960 2549 refert
1969 2522 1980 2555 3
2012 2506 2133 2548 aliter
2160 2520 2260 2548 vero
2291 2504 2390 2550 Sch.
2420 2505 2471 2549 11.
2501 2505 2684 2550 XXIV.

207 2584 299 2626 190.
333 2581 381 2624 ἐκ
411 2582 557 2639 ριπῶν
594 2596 729 2638 φασιν
760 2580 867 2626 αὐτὸ
907 2582 1158 2627 πλέκεοθαι
1195 2580 1308 2626 ὥστε
1344 2578 1457 2626 εἶναι
1493 2582 1698 2640 §imven-
1729 2583 1850 2639 cujus
1889 2583 2119 2626 sententiae
2147 2588 2364 2625 auctorem
2393 2582 2505 2624 sistit
2533 2582 2681 2625 ETM.

208 2657 304 2709 489,
337 2659 374 2701 5.
407 2658 610 2714 Δίδυμος
648 2675 725 2715 την
763 2659 996 2717 πείρινθον
1026 2659 1154 2716 (adde
1190 2660 1236 2705 ἐκ
1271 2663 1434 2719 ῥιπῶν)
1471 2663 1743 2720 πλεκομένην
1779 2662 1895 2719 λέγει
1930 2661 2143 2721 ῥίπινθον
2181 2663 2454 2715 (καλεῖσθαι)
2485 2661 2559 2706 καὶ
2587 2661 2679 2706 κατ’

203 2735 430 2781 ἀντίθεσιν
460 2741 707 2796 πείρινθον·
736 2752 918 2793 quorum
943 2738 1081 2782 neutri
1110 2738 1420 2796 adstipulamur
1449 2740 1644 2796 quamvis
1681 2739 1923 2784 salubrioris
1960 2739 2122 2783 consilii
2151 2745 2355 2797 expertes.
2386 2738 2680 2798 Hyperthesin

204 2828 302 2857 cum
331 2816 520 2873 enallage
550 2815 710 2858 vocalis
739 2822 782 2858 et
809 2822 929 2873 trope
965 2830 1174 2860 consonae
1210 2819 1478 2875 conjunctam
1514 2819 1684 2862 admisit
1710 2819 1824 2862 idem
1853 2834 1892 2875 p.
1927 2819 2020 2863 798.
2051 2819 2091 2863 3.
2123 2818 2307 2879 φολίδες
2336 2818 2381 2864 αἱ
2410 2818 2603 2870 λεπίδες·
2635 2818 2680 2862 ἔκ

205 2897 284 2938 τοῦ
316 2893 445 2945 λεπίς
472 2892 718 2954 ὑπερθέσει
750 2894 881 2947 πολίς
910 2897 984 2940 καὶ
1012 2898 1256 2952 μεταθέσει
1284 2901 1364 2942 τοῦ
1393 2901 1427 2956 ᾧ
1457 2898 1589 2956 φολίς
1616 2897 1760 2941 ΕΤΜ.
1793 2897 1888 2941 798.
1925 2897 1993 2940 cui
2028 2913 2112 2941 non
2148 2913 2255 2955 opus
2292 2897 2442 2941 fuisset
2478 2896 2534 2938 ad
2562 2909 2678 2940 eom-

287 3072 335 3114 ¹¹)
359 3072 566 3110 Eutcenius
592 3073 657 3117 βήξ
688 3074 729 3109 οὔ
759 3076 893 3123 ῥᾳδίαν
921 3078 1166 3124 συγχωροῦσα
1200 3076 1400 3124 ἀναφορὰν
1428 3080 1625 3122 γίγνεσθαι
1654 3080 1718 3114 τοῦ
1750 3080 1973 3124 φλέγματος,
1999 3081 2068 3114 hoe
2092 3083 2151 3114 est
2175 3082 2221 3113 ad
2245 3076 2487 3113 emoliendum
2508 3075 2677 3120 pituitam

198 3139 372 3178 inausa.
398 3143 440 3176 Iu
466 3140 589 3185 schol,
614 3144 649 3176 h.
676 3147 697 3177 Ι.
725 3144 967 3181 schneiderus
993 3157 1185 3188 perperam
1208 3143 1324 3181 edidit
1346 3147 1544 3189 βλεμαίνω.
