<?xml version="1.0" encoding="UTF-8"?>
<!DOCTYPE html PUBLIC "-//W3C//DTD XHTML 1.0 Transitional//EN"
    "http://www.w3.org/TR/xhtml1/DTD/xhtml1-transitional.dtd">
<html xmlns="http://www.w3.org/1999/xhtml" xml:lang="en" lang="en">
 <head>
  <title>
</title>
<meta http-equiv="Content-Type" content="text/html;charset=utf-8" />
  <meta name='ocr-system' content='tesseract 3.04.00' />
  <meta name='ocr-capabilities' content='ocr_page ocr_carea ocr_par ocr_line ocrx_word'/>
</head>
<body>
  <div class='ocr_page' id='page_1' title='image "./4630387_0013.png"; bbox 0 0 2932 3477; ppageno 0'>
   <div class='ocr_carea' id='block_1_1' title="bbox 0 0 84 206">
    <p class='ocr_par' dir='ltr' id='par_1_1' title="bbox 0 0 84 206">
     <span class='ocr_line' id='line_1_1' title="bbox 0 0 84 206; baseline 0 3271"><span class='ocrx_word' id='word_1_1' title='bbox 0 0 84 206; x_wconf 95' lang='lat' dir='ltr'> </span> 
     </span>
    </p>
   </div>
   <div class='ocr_carea' id='block_1_2' title="bbox 0 291 1352 338">
    <p class='ocr_par' dir='ltr' id='par_1_2' title="bbox 0 291 1352 338">
     <span class='ocr_line' id='line_1_2' title="bbox 3 291 1352 338; baseline 0.002 -17"><span class='ocrx_word' id='word_1_2' title='bbox 3 298 44 321; x_wconf 42' lang='grc' dir='ltr'>,ἢ</span> <span class='ocrx_word' id='word_1_3' title='bbox 1318 291 1352 338; x_wconf 77' lang='grc'>6</span> 
     </span>
     <span class='ocr_line' id='line_1_3' title="bbox 0 321 80 337; baseline 0 0"><span class='ocrx_word' id='word_1_4' title='bbox 0 321 80 337; x_wconf 56' lang='lat'>³7.›-.</span> 
     </span>
    </p>
   </div>
   <div class='ocr_carea' id='block_1_3' title="bbox 1191 351 1409 359">
    <p class='ocr_par' dir='ltr' id='par_1_3' title="bbox 1191 351 1409 359">
     <span class='ocr_line' id='line_1_4' title="bbox 1191 351 1409 359; baseline 0 3118"><span class='ocrx_word' id='word_1_5' title='bbox 1191 351 1409 359; x_wconf 95' lang='lat' dir='ltr'> </span> 
     </span>
    </p>
   </div>
   <div class='ocr_carea' id='block_1_4' title="bbox 0 408 2572 2837">
    <p class='ocr_par' dir='ltr' id='par_1_4' title="bbox 0 408 2567 641">
     <span class='ocr_line' id='line_1_5' title="bbox 81 408 2567 489; baseline -0.002 -13.126"><span class='ocrx_word' id='word_1_6' title='bbox 81 408 257 489; x_wconf 53' lang='lat' dir='ltr'>&gt;saepae</span> <span class='ocrx_word' id='word_1_7' title='bbox 292 443 452 486; x_wconf 83' lang='lat' dir='ltr'>parvus</span> <span class='ocrx_word' id='word_1_8' title='bbox 489 426 791 471; x_wconf 80' lang='lat' dir='ltr'><strong>communitate</strong></span> <span class='ocrx_word' id='word_1_9' title='bbox 829 426 974 485; x_wconf 79' lang='lat' dir='ltr'>stirpis</span> <span class='ocrx_word' id='word_1_10' title='bbox 1015 438 1205 471; x_wconf 82' lang='lat' dir='ltr'>connexa</span> <span class='ocrx_word' id='word_1_11' title='bbox 1243 432 1363 480; x_wconf 81' lang='lat' dir='ltr'>sunt,</span> <span class='ocrx_word' id='word_1_12' title='bbox 1399 426 1571 470; x_wconf 81' lang='lat' dir='ltr'>lambda</span> <span class='ocrx_word' id='word_1_13' title='bbox 1606 424 1854 484; x_wconf 81' lang='lat' dir='ltr'>pleonasmo</span> <span class='ocrx_word' id='word_1_14' title='bbox 1890 427 2066 484; x_wconf 84' lang='lat' dir='ltr'>propius</span> <span class='ocrx_word' id='word_1_15' title='bbox 2101 435 2168 471; x_wconf 86' lang='lat' dir='ltr'>est</span> <span class='ocrx_word' id='word_1_16' title='bbox 2203 439 2333 483; x_wconf 86' lang='lat' dir='ltr'>quam</span> <span class='ocrx_word' id='word_1_17' title='bbox 2365 426 2458 472; x_wconf 88' lang='lat' dir='ltr'>rho.</span> <span class='ocrx_word' id='word_1_18' title='bbox 2518 427 2567 472; x_wconf 85' lang='lat' dir='ltr'>Si</span> 
     </span>
     <span class='ocr_line' id='line_1_6' title="bbox 79 504 2567 567; baseline 0 -18"><span class='ocrx_word' id='word_1_19' title='bbox 79 512 248 566; x_wconf 75' lang='lat' dir='ltr'>praeter</span> <span class='ocrx_word' id='word_1_20' title='bbox 277 511 480 567; x_wconf 81' lang='grc' dir='ltr'><strong><em>φλαῦρος</em></strong></span> <span class='ocrx_word' id='word_1_21' title='bbox 507 505 762 562; x_wconf 84' lang='lat' dir='ltr'>reperiretur</span> <span class='ocrx_word' id='word_1_22' title='bbox 790 508 1003 564; x_wconf 79' lang='grc' dir='ltr'><strong><em>φραῦλος,</em></strong></span> <span class='ocrx_word' id='word_1_23' title='bbox 1034 520 1085 548; x_wconf 90' lang='lat' dir='ltr'>ea</span> <span class='ocrx_word' id='word_1_24' title='bbox 1113 520 1216 548; x_wconf 86' lang='lat' dir='ltr'>vera</span> <span class='ocrx_word' id='word_1_25' title='bbox 1244 513 1358 548; x_wconf 88' lang='lat' dir='ltr'>esset</span> <span class='ocrx_word' id='word_1_26' title='bbox 1386 504 1655 561; x_wconf 72' lang='lat' dir='ltr'>hyperthesis</span> <span class='ocrx_word' id='word_1_27' title='bbox 1693 505 1770 548; x_wconf 90' lang='lat' dir='ltr'>sed</span> <span class='ocrx_word' id='word_1_28' title='bbox 1807 505 1862 547; x_wconf 86' lang='lat' dir='ltr'>ad</span> <span class='ocrx_word' id='word_1_29' title='bbox 1900 504 2015 548; x_wconf 85' lang='lat' dir='ltr'>aliud</span> <span class='ocrx_word' id='word_1_30' title='bbox 2052 518 2190 562; x_wconf 87' lang='lat' dir='ltr'>genus</span> <span class='ocrx_word' id='word_1_31' title='bbox 2226 506 2454 564; x_wconf 87' lang='lat' dir='ltr'>pertinens,</span> <span class='ocrx_word' id='word_1_32' title='bbox 2484 522 2567 563; x_wconf 89' lang='lat' dir='ltr'>quo</span> 
     </span>
     <span class='ocr_line' id='line_1_7' title="bbox 81 583 1528 641; baseline -0.001 -12"><span class='ocrx_word' id='word_1_33' title='bbox 81 585 350 629; x_wconf 82' lang='lat' dir='ltr'>continentur</span> <span class='ocrx_word' id='word_1_34' title='bbox 378 598 655 627; x_wconf 86' lang='lat' dir='ltr'>consonarum</span> <span class='ocrx_word' id='word_1_35' title='bbox 685 597 709 626; x_wconf 92' lang='lat' dir='ltr'>e</span> <span class='ocrx_word' id='word_1_36' title='bbox 738 583 902 639; x_wconf 75' lang='lat' dir='ltr'><strong>syllaba</strong></span> <span class='ocrx_word' id='word_1_37' title='bbox 930 583 974 625; x_wconf 91' lang='lat' dir='ltr'>in</span> <span class='ocrx_word' id='word_1_38' title='bbox 1005 583 1213 640; x_wconf 81' lang='lat' dir='ltr'>syllabam</span> <span class='ocrx_word' id='word_1_39' title='bbox 1241 583 1528 641; x_wconf 79' lang='lat' dir='ltr'>migrationes.</span> 
     </span>
    </p>

    <p class='ocr_par' dir='ltr' id='par_1_5' title="bbox 74 660 2572 2363">
     <span class='ocr_line' id='line_1_8' title="bbox 196 660 2569 720; baseline -0.001 -12"><span class='ocrx_word' id='word_1_40' title='bbox 196 666 233 720; x_wconf 68' lang='lat'>§-</span> <span class='ocrx_word' id='word_1_41' title='bbox 266 668 305 708; x_wconf 86' lang='grc'><strong>2.</strong></span> <span class='ocrx_word' id='word_1_42' title='bbox 363 663 531 706; x_wconf 83' lang='lat' dir='ltr'>Harum</span> <span class='ocrx_word' id='word_1_43' title='bbox 559 677 717 720; x_wconf 85' lang='lat' dir='ltr'>magna</span> <span class='ocrx_word' id='word_1_44' title='bbox 746 669 812 704; x_wconf 87' lang='lat' dir='ltr'>est</span> <span class='ocrx_word' id='word_1_45' title='bbox 840 662 1041 716; x_wconf 84' lang='lat' dir='ltr'>varietas,</span> <span class='ocrx_word' id='word_1_46' title='bbox 1071 662 1148 706; x_wconf 89' lang='lat' dir='ltr'>sed</span> <span class='ocrx_word' id='word_1_47' title='bbox 1176 662 1361 718; x_wconf 91' lang='lat' dir='ltr'>primum</span> <span class='ocrx_word' id='word_1_48' title='bbox 1390 662 1530 706; x_wconf 85' lang='lat' dir='ltr'>dicam</span> <span class='ocrx_word' id='word_1_49' title='bbox 1558 661 1612 705; x_wconf 89' lang='lat' dir='ltr'>de</span> <span class='ocrx_word' id='word_1_50' title='bbox 1642 662 1838 706; x_wconf 77' lang='lat' dir='ltr'>consonis</span> <span class='ocrx_word' id='word_1_51' title='bbox 1868 660 2067 706; x_wconf 83' lang='lat' dir='ltr'>connexis</span> <span class='ocrx_word' id='word_1_52' title='bbox 2097 675 2207 719; x_wconf 76' lang='lat' dir='ltr'>quae</span> <span class='ocrx_word' id='word_1_53' title='bbox 2222 662 2447 706; x_wconf 81' lang='lat' dir='ltr'>stationem</span> <span class='ocrx_word' id='word_1_54' title='bbox 2460 662 2569 706; x_wconf 83' lang='lat' dir='ltr'>inter</span> 
     </span>
     <span class='ocr_line' id='line_1_9' title="bbox 82 738 2569 801; baseline -0.001 -15"><span class='ocrx_word' id='word_1_55' title='bbox 82 757 128 786; x_wconf 86' lang='lat' dir='ltr'>se</span> <span class='ocrx_word' id='word_1_56' title='bbox 156 748 412 801; x_wconf 76' lang='lat' dir='ltr'>permutant.</span> <span class='ocrx_word' id='word_1_57' title='bbox 458 739 535 785; x_wconf 87' lang='lat' dir='ltr'>Sic</span> <span class='ocrx_word' id='word_1_58' title='bbox 562 741 689 784; x_wconf 90' lang='lat' dir='ltr'>modo</span> <span class='ocrx_word' id='word_1_59' title='bbox 717 747 837 783; x_wconf 89' lang='lat' dir='ltr'>muta</span> <span class='ocrx_word' id='word_1_60' title='bbox 871 741 1158 798; x_wconf 82' lang='lat' dir='ltr'>praemittitur</span> <span class='ocrx_word' id='word_1_61' title='bbox 1193 740 1401 796; x_wconf 76' lang='lat' dir='ltr'>liquidae:</span> <span class='ocrx_word' id='word_1_62' title='bbox 1436 738 1648 799; x_wconf 78' lang='grc' dir='ltr'><strong><em>’Λτρεμὴς</em></strong></span> <span class='ocrx_word' id='word_1_63' title='bbox 1683 738 1824 799; x_wconf 73' lang='grc' dir='ltr'><strong><em>ὑγιής,</em></strong></span> <span class='ocrx_word' id='word_1_64' title='bbox 1854 739 2049 800; x_wconf 71' lang='grc' dir='ltr'><strong><em>Νάθραξ</em></strong></span> <span class='ocrx_word' id='word_1_65' title='bbox 2077 739 2104 785; x_wconf 81' lang='grc' dir='ltr'><strong><em>ὅ</em></strong></span> <span class='ocrx_word' id='word_1_66' title='bbox 2131 739 2309 799; x_wconf 83' lang='grc' dir='ltr'><strong><em>νάρθηξ</em></strong></span> <span class='ocrx_word' id='word_1_67' title='bbox 2334 739 2497 794; x_wconf 77' lang='lat' dir='ltr'>Hes.⁸)</span> <span class='ocrx_word' id='word_1_68' title='bbox 2527 748 2569 784; x_wconf 91' lang='lat' dir='ltr'>et</span> 
     </span>
     <span class='ocr_line' id='line_1_10' title="bbox 76 817 2569 881; baseline -0.002 -16"><span class='ocrx_word' id='word_1_69' title='bbox 76 821 122 865; x_wconf 91' lang='lat' dir='ltr'>in</span> <span class='ocrx_word' id='word_1_70' title='bbox 149 822 351 881; x_wconf 81' lang='lat' dir='ltr'>propriis:</span> <span class='ocrx_word' id='word_1_71' title='bbox 389 819 586 879; x_wconf 76' lang='grc' dir='ltr'><strong><em>Ἀχρυλίς</em></strong></span> <span class='ocrx_word' id='word_1_72' title='bbox 619 833 699 877; x_wconf 87' lang='lat' dir='ltr'>pro</span> <span class='ocrx_word' id='word_1_73' title='bbox 730 817 933 878; x_wconf 83' lang='grc' dir='ltr'><strong><em>’Λρχυλίς</em></strong></span> <span class='ocrx_word' id='word_1_74' title='bbox 969 820 1013 862; x_wconf 91' lang='lat' dir='ltr'>in</span> <span class='ocrx_word' id='word_1_75' title='bbox 1048 818 1182 863; x_wconf 84' lang='lat' dir='ltr'>Anth.</span> <span class='ocrx_word' id='word_1_76' title='bbox 1211 819 1294 862; x_wconf 88' lang='lat' dir='ltr'>nisi</span> <span class='ocrx_word' id='word_1_77' title='bbox 1328 830 1481 862; x_wconf 87' lang='lat' dir='ltr'>nomen</span> <span class='ocrx_word' id='word_1_78' title='bbox 1516 833 1690 876; x_wconf 86' lang='lat' dir='ltr'>prorsus</span> <span class='ocrx_word' id='word_1_79' title='bbox 1726 819 1942 864; x_wconf 83' lang='lat' dir='ltr'>diversum</span> <span class='ocrx_word' id='word_1_80' title='bbox 1981 825 2056 863; x_wconf 89' lang='lat' dir='ltr'>aut</span> <span class='ocrx_word' id='word_1_81' title='bbox 2083 818 2234 863; x_wconf 87' lang='lat' dir='ltr'>vitiose</span> <span class='ocrx_word' id='word_1_82' title='bbox 2270 820 2475 876; x_wconf 83' lang='lat' dir='ltr'>scriptum</span> <span class='ocrx_word' id='word_1_83' title='bbox 2504 825 2569 864; x_wconf 86' lang='lat' dir='ltr'>est</span> 
     </span>
     <span class='ocr_line' id='line_1_11' title="bbox 78 893 2570 957; baseline 0 -14"><span class='ocrx_word' id='word_1_84' title='bbox 78 915 122 946; x_wconf 85' lang='lat' dir='ltr'>v.</span> <span class='ocrx_word' id='word_1_85' title='bbox 149 899 340 943; x_wconf 84' lang='lat' dir='ltr'>Meinek.</span> <span class='ocrx_word' id='word_1_86' title='bbox 358 898 501 941; x_wconf 77' lang='lat' dir='ltr'>Anall.</span> <span class='ocrx_word' id='word_1_87' title='bbox 534 899 632 940; x_wconf 81' lang='lat'>210.</span> <span class='ocrx_word' id='word_1_88' title='bbox 647 893 858 955; x_wconf 76' lang='grc' dir='ltr'>’Ἀτρεμις</span> <span class='ocrx_word' id='word_1_89' title='bbox 886 897 1055 941; x_wconf 90' lang='lat' dir='ltr'>Dianae</span> <span class='ocrx_word' id='word_1_90' title='bbox 1084 913 1238 941; x_wconf 91' lang='lat' dir='ltr'>nomen</span> <span class='ocrx_word' id='word_1_91' title='bbox 1266 898 1309 940; x_wconf 92' lang='lat' dir='ltr'>in</span> <span class='ocrx_word' id='word_1_92' title='bbox 1340 900 1491 942; x_wconf 87' lang='lat' dir='ltr'>Inscrr.</span> <span class='ocrx_word' id='word_1_93' title='bbox 1521 898 1692 950; x_wconf 83' lang='lat' dir='ltr'>doricis,</span> <span class='ocrx_word' id='word_1_94' title='bbox 1723 898 1792 942; x_wconf 81' lang='lat' dir='ltr'>cui</span> <span class='ocrx_word' id='word_1_95' title='bbox 1822 899 1959 943; x_wconf 83' lang='lat' dir='ltr'>simile</span> <span class='ocrx_word' id='word_1_96' title='bbox 1987 898 2249 955; x_wconf 86' lang='lat' dir='ltr'>gentilicium</span> <span class='ocrx_word' id='word_1_97' title='bbox 2259 896 2570 957; x_wconf 73' lang='grc' dir='ltr'><strong><em>Ἀτραμιτηνὰς</em></strong></span> 
     </span>
     <span class='ocr_line' id='line_1_12' title="bbox 77 972 2568 1038; baseline -0 -18"><span class='ocrx_word' id='word_1_98' title='bbox 77 983 121 1022; x_wconf 88' lang='lat' dir='ltr'>et</span> <span class='ocrx_word' id='word_1_99' title='bbox 144 976 463 1038; x_wconf 73' lang='grc' dir='ltr'><strong><em>Ἀρταμιτηνός</em></strong></span> <span class='ocrx_word' id='word_1_100' title='bbox 491 991 532 1022; x_wconf 87' lang='lat' dir='ltr'>v.</span> <span class='ocrx_word' id='word_1_101' title='bbox 562 973 804 1021; x_wconf 87' lang='lat' dir='ltr'>Tzschuek.</span> <span class='ocrx_word' id='word_1_102' title='bbox 834 975 891 1018; x_wconf 87' lang='lat' dir='ltr'>ad</span> <span class='ocrx_word' id='word_1_103' title='bbox 921 974 1065 1021; x_wconf 85' lang='lat' dir='ltr'>Strab.</span> <span class='ocrx_word' id='word_1_104' title='bbox 1096 975 1184 1020; x_wconf 91' lang='lat' dir='ltr'>XI.</span> <span class='ocrx_word' id='word_1_105' title='bbox 1216 976 1313 1020; x_wconf 84' lang='lat'>509.</span> <span class='ocrx_word' id='word_1_106' title='bbox 1345 975 1496 1033; x_wconf 90' lang='lat' dir='ltr'>Neque</span> <span class='ocrx_word' id='word_1_107' title='bbox 1524 976 1663 1019; x_wconf 86' lang='lat' dir='ltr'>solum</span> <span class='ocrx_word' id='word_1_108' title='bbox 1697 975 1775 1020; x_wconf 90' lang='lat' dir='ltr'>rho</span> <span class='ocrx_word' id='word_1_109' title='bbox 1804 976 1882 1020; x_wconf 88' lang='lat' dir='ltr'>sed</span> <span class='ocrx_word' id='word_1_110' title='bbox 1910 977 2039 1020; x_wconf 88' lang='lat' dir='ltr'>etiam</span> <span class='ocrx_word' id='word_1_111' title='bbox 2067 992 2138 1034; x_wconf 86' lang='lat' dir='ltr'>ny,</span> <span class='ocrx_word' id='word_1_112' title='bbox 2171 975 2407 1033; x_wconf 73' lang='grc' dir='ltr'><strong><em>ὅνδραχνος</em></strong></span> <span class='ocrx_word' id='word_1_113' title='bbox 2434 972 2465 1034; x_wconf 78' lang='grc' dir='ltr'>ἤ</span> <span class='ocrx_word' id='word_1_114' title='bbox 2495 972 2568 1020; x_wconf 74' lang='grc' dir='ltr'>δίν-</span> 
     </span>
     <span class='ocr_line' id='line_1_13' title="bbox 78 1053 2568 1116; baseline -0.002 -13"><span class='ocrx_word' id='word_1_115' title='bbox 78 1059 269 1116; x_wconf 78' lang='grc' dir='ltr'><strong><em>δραγχος</em></strong></span> <span class='ocrx_word' id='word_1_116' title='bbox 298 1054 322 1100; x_wconf 85' lang='grc' dir='ltr'><em>ὃ</em></span> <span class='ocrx_word' id='word_1_117' title='bbox 354 1055 508 1112; x_wconf 78' lang='grc' dir='ltr'><strong><em>δήμιος</em></strong></span> <span class='ocrx_word' id='word_1_118' title='bbox 534 1053 663 1097; x_wconf 85' lang='lat' dir='ltr'>Eust.</span> <span class='ocrx_word' id='word_1_119' title='bbox 698 1053 823 1105; x_wconf 83' lang='lat'>1858,</span> <span class='ocrx_word' id='word_1_120' title='bbox 854 1054 924 1096; x_wconf 86' lang='lat'>37.</span> <span class='ocrx_word' id='word_1_121' title='bbox 956 1055 1179 1109; x_wconf 81' lang='grc' dir='ltr'><strong><em>καχλαίνω</em></strong></span> <span class='ocrx_word' id='word_1_122' title='bbox 1216 1061 1259 1098; x_wconf 92' lang='lat' dir='ltr'>et</span> <span class='ocrx_word' id='word_1_123' title='bbox 1288 1055 1531 1110; x_wconf 78' lang='grc' dir='ltr'><strong><em>καλχαίνω,</em></strong></span> <span class='ocrx_word' id='word_1_124' title='bbox 1562 1069 1673 1111; x_wconf 92' lang='lat' dir='ltr'>quae</span> <span class='ocrx_word' id='word_1_125' title='bbox 1701 1055 1950 1113; x_wconf 78' lang='lat' dir='ltr'>Hesychius</span> <span class='ocrx_word' id='word_1_126' title='bbox 1979 1070 2064 1100; x_wconf 92' lang='lat' dir='ltr'>uno</span> <span class='ocrx_word' id='word_1_127' title='bbox 2093 1055 2326 1111; x_wconf 87' lang='lat' dir='ltr'>eodemque</span> <span class='ocrx_word' id='word_1_128' title='bbox 2346 1054 2477 1097; x_wconf 83' lang='lat' dir='ltr'>verbo</span> <span class='ocrx_word' id='word_1_129' title='bbox 2493 1071 2568 1099; x_wconf 83' lang='grc' dir='ltr'>τα-</span> 
     </span>
     <span class='ocr_line' id='line_1_14' title="bbox 79 1129 2569 1194; baseline -0.002 -13"><span class='ocrx_word' id='word_1_130' title='bbox 79 1133 237 1194; x_wconf 83' lang='grc' dir='ltr'><strong><em>ράσσω</em></strong></span> <span class='ocrx_word' id='word_1_131' title='bbox 265 1133 562 1190; x_wconf 77' lang='lat' dir='ltr'>interpretatur</span> <span class='ocrx_word' id='word_1_132' title='bbox 597 1137 642 1174; x_wconf 85' lang='lat' dir='ltr'>et</span> <span class='ocrx_word' id='word_1_133' title='bbox 680 1129 825 1174; x_wconf 90' lang='lat' dir='ltr'>Schol.</span> <span class='ocrx_word' id='word_1_134' title='bbox 862 1131 991 1189; x_wconf 92' lang='lat' dir='ltr'>Soph.</span> <span class='ocrx_word' id='word_1_135' title='bbox 1021 1133 1123 1174; x_wconf 89' lang='lat' dir='ltr'>Ant.</span> <span class='ocrx_word' id='word_1_136' title='bbox 1156 1135 1220 1175; x_wconf 82' lang='lat'>20.</span> <span class='ocrx_word' id='word_1_137' title='bbox 1257 1133 1505 1188; x_wconf 76' lang='grc' dir='ltr'><strong><em>καλχαίνειν</em></strong></span> <span class='ocrx_word' id='word_1_138' title='bbox 1535 1132 1798 1192; x_wconf 65' lang='grc' dir='ltr'><strong><em>πορφύρεα·</em></strong></span> <span class='ocrx_word' id='word_1_139' title='bbox 1829 1133 1966 1192; x_wconf 77' lang='grc' dir='ltr'><strong><em>κάλχη</em></strong></span> <span class='ocrx_word' id='word_1_140' title='bbox 1995 1135 2079 1192; x_wconf 77' lang='grc' dir='ltr'>γὰρ</span> <span class='ocrx_word' id='word_1_141' title='bbox 2109 1132 2134 1178; x_wconf 84' lang='grc' dir='ltr'><strong><em>ὁ</em></strong></span> <span class='ocrx_word' id='word_1_142' title='bbox 2165 1131 2323 1186; x_wconf 80' lang='grc' dir='ltr'><strong><em>κόχλος</em></strong></span> <span class='ocrx_word' id='word_1_143' title='bbox 2350 1136 2429 1191; x_wconf 77' lang='grc' dir='ltr'>τῆς</span> <span class='ocrx_word' id='word_1_144' title='bbox 2458 1150 2569 1190; x_wconf 85' lang='grc' dir='ltr'><strong><em>πορ-</em></strong></span> 
     </span>
     <span class='ocr_line' id='line_1_15' title="bbox 80 1208 2571 1273; baseline -0.002 -18"><span class='ocrx_word' id='word_1_145' title='bbox 80 1210 242 1273; x_wconf 75' lang='grc' dir='ltr'><strong><em>φύρας,</em></strong></span> <span class='ocrx_word' id='word_1_146' title='bbox 272 1226 350 1270; x_wconf 89' lang='lat' dir='ltr'>pro</span> <span class='ocrx_word' id='word_1_147' title='bbox 379 1225 463 1267; x_wconf 90' lang='lat' dir='ltr'>quo</span> <span class='ocrx_word' id='word_1_148' title='bbox 497 1209 541 1252; x_wconf 89' lang='lat' dir='ltr'>in</span> <span class='ocrx_word' id='word_1_149' title='bbox 578 1208 697 1253; x_wconf 89' lang='lat' dir='ltr'>codd.</span> <span class='ocrx_word' id='word_1_150' title='bbox 735 1209 949 1254; x_wconf 84' lang='lat' dir='ltr'>interdum</span> <span class='ocrx_word' id='word_1_151' title='bbox 993 1210 1121 1254; x_wconf 89' lang='lat' dir='ltr'>etiam</span> <span class='ocrx_word' id='word_1_152' title='bbox 1167 1209 1322 1265; x_wconf 83' lang='grc' dir='ltr'><strong><em>κόλχος</em></strong></span> <span class='ocrx_word' id='word_1_153' title='bbox 1364 1211 1572 1268; x_wconf 87' lang='lat' dir='ltr'>reperitur</span> <span class='ocrx_word' id='word_1_154' title='bbox 1614 1224 1652 1253; x_wconf 81' lang='lat' dir='ltr'>v.</span> <span class='ocrx_word' id='word_1_155' title='bbox 1681 1210 1854 1254; x_wconf 84' lang='lat' dir='ltr'>Jacobs.</span> <span class='ocrx_word' id='word_1_156' title='bbox 1891 1211 1946 1253; x_wconf 84' lang='lat' dir='ltr'>ad</span> <span class='ocrx_word' id='word_1_157' title='bbox 1983 1210 2114 1253; x_wconf 84' lang='lat' dir='ltr'>Anth.</span> <span class='ocrx_word' id='word_1_158' title='bbox 2146 1211 2291 1265; x_wconf 68' lang='lat'><strong>842⁴)</strong></span> <span class='ocrx_word' id='word_1_159' title='bbox 2326 1209 2571 1268; x_wconf 81' lang='lat' dir='ltr'>duplicique</span> 
     </span>
     <span class='ocr_line' id='line_1_16' title="bbox 76 1285 2568 1347; baseline -0.001 -13"><span class='ocrx_word' id='word_1_160' title='bbox 76 1291 249 1334; x_wconf 81' lang='lat' dir='ltr'>nomine</span> <span class='ocrx_word' id='word_1_161' title='bbox 277 1291 415 1347; x_wconf 82' lang='grc' dir='ltr'><strong><em>κάλχη</em></strong></span> <span class='ocrx_word' id='word_1_162' title='bbox 444 1294 487 1331; x_wconf 90' lang='lat' dir='ltr'>et</span> <span class='ocrx_word' id='word_1_163' title='bbox 515 1288 651 1343; x_wconf 82' lang='grc' dir='ltr'><strong><em>κάχλα</em></strong></span> <span class='ocrx_word' id='word_1_164' title='bbox 683 1285 970 1332; x_wconf 80' lang='lat' dir='ltr'>Schneiderus</span> <span class='ocrx_word' id='word_1_165' title='bbox 1000 1289 1054 1331; x_wconf 92' lang='lat' dir='ltr'>ad</span> <span class='ocrx_word' id='word_1_166' title='bbox 1086 1287 1220 1345; x_wconf 88' lang='lat' dir='ltr'>Orph.</span> <span class='ocrx_word' id='word_1_167' title='bbox 1250 1289 1356 1345; x_wconf 85' lang='lat' dir='ltr'>Arg.</span> <span class='ocrx_word' id='word_1_168' title='bbox 1388 1289 1482 1332; x_wconf 80' lang='lat'>952.</span> <span class='ocrx_word' id='word_1_169' title='bbox 1511 1303 1641 1331; x_wconf 84' lang='lat' dir='ltr'>unam</span> <span class='ocrx_word' id='word_1_170' title='bbox 1676 1289 1864 1346; x_wconf 83' lang='lat' dir='ltr'>plantam</span> <span class='ocrx_word' id='word_1_171' title='bbox 1899 1289 2127 1332; x_wconf 87' lang='lat' dir='ltr'>caltham</span> <span class='ocrx_word' id='word_1_172' title='bbox 2157 1288 2386 1344; x_wconf 87' lang='lat' dir='ltr'>significari</span> <span class='ocrx_word' id='word_1_173' title='bbox 2415 1296 2568 1332; x_wconf 83' lang='lat' dir='ltr'>censet.</span> 
     </span>
     <span class='ocr_line' id='line_1_17' title="bbox 77 1364 2569 1425; baseline 0 -15"><span class='ocrx_word' id='word_1_174' title='bbox 77 1367 367 1424; x_wconf 81' lang='lat' dir='ltr'>Frequentius</span> <span class='ocrx_word' id='word_1_175' title='bbox 395 1372 538 1408; x_wconf 83' lang='lat' dir='ltr'>autem</span> <span class='ocrx_word' id='word_1_176' title='bbox 573 1364 732 1421; x_wconf 87' lang='lat' dir='ltr'>liquida</span> <span class='ocrx_word' id='word_1_177' title='bbox 767 1366 1054 1422; x_wconf 84' lang='lat' dir='ltr'>praemittitur</span> <span class='ocrx_word' id='word_1_178' title='bbox 1088 1373 1252 1409; x_wconf 86' lang='lat' dir='ltr'>mutae:</span> <span class='ocrx_word' id='word_1_179' title='bbox 1291 1366 1387 1411; x_wconf 81' lang='grc' dir='ltr'><strong><em>ἀντὶ</em></strong></span> <span class='ocrx_word' id='word_1_180' title='bbox 1422 1370 1502 1411; x_wconf 85' lang='grc' dir='ltr'>τοῦ</span> <span class='ocrx_word' id='word_1_181' title='bbox 1540 1365 1714 1425; x_wconf 79' lang='grc' dir='ltr'><em>ἅγρεῖτε</em></span> <span class='ocrx_word' id='word_1_182' title='bbox 1746 1366 2004 1422; x_wconf 72' lang='grc' dir='ltr'><strong><em>Ἀντίμαχος</em></strong></span> <span class='ocrx_word' id='word_1_183' title='bbox 2041 1364 2128 1422; x_wconf 82' lang='lat' dir='ltr'>(Fr.</span> <span class='ocrx_word' id='word_1_184' title='bbox 2160 1364 2283 1409; x_wconf 82' lang='lat' dir='ltr'>CIX.</span> <span class='ocrx_word' id='word_1_185' title='bbox 2314 1364 2450 1420; x_wconf 85' lang='lat' dir='ltr'>Stoll.)</span> <span class='ocrx_word' id='word_1_186' title='bbox 2481 1368 2569 1425; x_wconf 83' lang='grc' dir='ltr'>ἔφη</span> 
     </span>
     <span class='ocr_line' id='line_1_18' title="bbox 74 1440 2568 1514; baseline -0.001 -25"><span class='ocrx_word' id='word_1_187' title='bbox 74 1444 246 1514; x_wconf 52' lang='lat' dir='ltr'>gwerre</span> <span class='ocrx_word' id='word_1_188' title='bbox 274 1440 576 1501; x_wconf 74' lang='grc' dir='ltr'><strong><em>ὑπερβιβάσας</em></strong></span> <span class='ocrx_word' id='word_1_189' title='bbox 603 1442 654 1486; x_wconf 79' lang='grc' dir='ltr'>τὸ</span> <span class='ocrx_word' id='word_1_190' title='bbox 672 1441 864 1502; x_wconf 61' lang='grc' dir='ltr'><strong>ἷΕΡὶω.</strong></span> <span class='ocrx_word' id='word_1_191' title='bbox 894 1442 926 1485; x_wconf 90' lang='grc' dir='ltr'>Ι.</span> <span class='ocrx_word' id='word_1_192' title='bbox 961 1444 1026 1494; x_wconf 87' lang='grc'>71,</span> <span class='ocrx_word' id='word_1_193' title='bbox 1060 1448 1127 1489; x_wconf 80' lang='lat'>28.</span> <span class='ocrx_word' id='word_1_194' title='bbox 1160 1442 1378 1503; x_wconf 69' lang='grc' dir='ltr'>ἀγρυπνία</span> <span class='ocrx_word' id='word_1_195' title='bbox 1408 1443 1631 1503; x_wconf 82' lang='grc' dir='ltr'><strong><em>ἆργυπνία</em></strong></span> <span class='ocrx_word' id='word_1_196' title='bbox 1659 1443 1782 1488; x_wconf 84' lang='lat' dir='ltr'>Eust.</span> <span class='ocrx_word' id='word_1_197' title='bbox 1813 1449 1879 1497; x_wconf 80' lang='lat'>46,</span> <span class='ocrx_word' id='word_1_198' title='bbox 1911 1445 1949 1489; x_wconf 87' lang='grc'>7.</span> <span class='ocrx_word' id='word_1_199' title='bbox 1976 1444 2058 1488; x_wconf 87' lang='lat' dir='ltr'>nisi</span> <span class='ocrx_word' id='word_1_200' title='bbox 2087 1444 2157 1488; x_wconf 87' lang='lat' dir='ltr'>hie</span> <span class='ocrx_word' id='word_1_201' title='bbox 2176 1444 2296 1488; x_wconf 86' lang='lat' dir='ltr'>lusus</span> <span class='ocrx_word' id='word_1_202' title='bbox 2311 1450 2377 1488; x_wconf 89' lang='lat' dir='ltr'>est</span> <span class='ocrx_word' id='word_1_203' title='bbox 2402 1450 2568 1501; x_wconf 87' lang='lat' dir='ltr'>etymo-</span> 
     </span>
     <span class='ocr_line' id='line_1_19' title="bbox 74 1520 2570 1583; baseline 0.001 -19"><span class='ocrx_word' id='word_1_204' title='bbox 74 1524 271 1580; x_wconf 84' lang='lat' dir='ltr'>logorum</span> <span class='ocrx_word' id='word_1_205' title='bbox 303 1520 559 1563; x_wconf 89' lang='lat' dir='ltr'>insomniam</span> <span class='ocrx_word' id='word_1_206' title='bbox 595 1535 690 1564; x_wconf 91' lang='lat' dir='ltr'>esse</span> <span class='ocrx_word' id='word_1_207' title='bbox 727 1521 850 1577; x_wconf 85' lang='lat' dir='ltr'>quasi</span> <span class='ocrx_word' id='word_1_208' title='bbox 889 1520 1048 1580; x_wconf 77' lang='grc' dir='ltr'><strong><em>ἇργίαν</em></strong></span> <span class='ocrx_word' id='word_1_209' title='bbox 1077 1521 1234 1574; x_wconf 76' lang='grc' dir='ltr'><strong><em>ὕπνου,</em></strong></span> <span class='ocrx_word' id='word_1_210' title='bbox 1265 1532 1308 1566; x_wconf 91' lang='lat' dir='ltr'>et</span> <span class='ocrx_word' id='word_1_211' title='bbox 1338 1523 1453 1578; x_wconf 91' lang='lat' dir='ltr'>quod</span> <span class='ocrx_word' id='word_1_212' title='bbox 1480 1521 1729 1580; x_wconf 84' lang='lat' dir='ltr'>Hesychius</span> <span class='ocrx_word' id='word_1_213' title='bbox 1753 1522 1934 1581; x_wconf 83' lang='lat' dir='ltr'>praebet</span> <span class='ocrx_word' id='word_1_214' title='bbox 1962 1522 2182 1583; x_wconf 81' lang='grc' dir='ltr'><strong><em>Κερδοπά</em></strong></span> <span class='ocrx_word' id='word_1_215' title='bbox 2212 1520 2382 1581; x_wconf 76' lang='grc' dir='ltr'><strong><em>ὄσπρια</em></strong></span> <span class='ocrx_word' id='word_1_216' title='bbox 2401 1536 2479 1580; x_wconf 89' lang='lat' dir='ltr'>pro</span> <span class='ocrx_word' id='word_1_217' title='bbox 2501 1540 2570 1567; x_wconf 72' lang='lat' dir='ltr'>xs-</span> 
     </span>
     <span class='ocr_line' id='line_1_20' title="bbox 82 1598 2569 1660; baseline -0.002 -14"><span class='ocrx_word' id='word_1_218' title='bbox 82 1600 234 1660; x_wconf 76' lang='grc' dir='ltr'><strong><em>δροπά</em></strong></span> <span class='ocrx_word' id='word_1_219' title='bbox 265 1600 354 1643; x_wconf 84' lang='lat' dir='ltr'>sive</span> <span class='ocrx_word' id='word_1_220' title='bbox 381 1598 586 1658; x_wconf 78' lang='grc' dir='ltr'>χεδροπά.</span> <span class='ocrx_word' id='word_1_221' title='bbox 647 1598 712 1641; x_wconf 91' lang='lat' dir='ltr'>Ut</span> <span class='ocrx_word' id='word_1_222' title='bbox 741 1614 841 1642; x_wconf 89' lang='lat' dir='ltr'>vero</span> <span class='ocrx_word' id='word_1_223' title='bbox 870 1598 981 1643; x_wconf 90' lang='lat' dir='ltr'>duae</span> <span class='ocrx_word' id='word_1_224' title='bbox 1011 1600 1169 1644; x_wconf 86' lang='lat' dir='ltr'>diversi</span> <span class='ocrx_word' id='word_1_225' title='bbox 1199 1601 1357 1645; x_wconf 89' lang='lat' dir='ltr'>ordinis</span> <span class='ocrx_word' id='word_1_226' title='bbox 1385 1601 1570 1658; x_wconf 88' lang='lat' dir='ltr'>liquidae</span> <span class='ocrx_word' id='word_1_227' title='bbox 1600 1607 1965 1646; x_wconf 82' lang='lat' dir='ltr'>transmoveantur</span> <span class='ocrx_word' id='word_1_228' title='bbox 1991 1600 2084 1644; x_wconf 87' lang='lat' dir='ltr'>fieri</span> <span class='ocrx_word' id='word_1_229' title='bbox 2112 1615 2196 1644; x_wconf 88' lang='lat' dir='ltr'>non</span> <span class='ocrx_word' id='word_1_230' title='bbox 2223 1604 2365 1657; x_wconf 84' lang='lat' dir='ltr'>potest</span> <span class='ocrx_word' id='word_1_231' title='bbox 2392 1600 2474 1642; x_wconf 86' lang='lat' dir='ltr'>nisi</span> <span class='ocrx_word' id='word_1_232' title='bbox 2502 1600 2569 1641; x_wconf 87' lang='lat' dir='ltr'>in-</span> 
     </span>
     <span class='ocr_line' id='line_1_21' title="bbox 80 1677 2568 1738; baseline -0.001 -18"><span class='ocrx_word' id='word_1_233' title='bbox 80 1678 286 1736; x_wconf 83' lang='lat' dir='ltr'>terposita</span> <span class='ocrx_word' id='word_1_234' title='bbox 314 1691 499 1720; x_wconf 85' lang='lat' dir='ltr'>consona</span> <span class='ocrx_word' id='word_1_235' title='bbox 526 1683 661 1727; x_wconf 92' lang='lat' dir='ltr'>muta,</span> <span class='ocrx_word' id='word_1_236' title='bbox 691 1678 881 1734; x_wconf 87' lang='grc' dir='ltr'><strong><em>μομβρώ</em></strong></span> <span class='ocrx_word' id='word_1_237' title='bbox 909 1692 988 1734; x_wconf 85' lang='lat' dir='ltr'>pro</span> <span class='ocrx_word' id='word_1_238' title='bbox 1016 1677 1176 1737; x_wconf 83' lang='grc' dir='ltr'><strong><em>μορμώ</em></strong></span> <span class='ocrx_word' id='word_1_239' title='bbox 1206 1686 1248 1721; x_wconf 93' lang='lat' dir='ltr'>et</span> <span class='ocrx_word' id='word_1_240' title='bbox 1276 1679 1472 1738; x_wconf 78' lang='grc' dir='ltr'><strong><em>θιμβρός</em></strong></span> <span class='ocrx_word' id='word_1_241' title='bbox 1498 1694 1576 1736; x_wconf 92' lang='lat' dir='ltr'>pro</span> <span class='ocrx_word' id='word_1_242' title='bbox 1605 1678 1790 1738; x_wconf 78' lang='grc' dir='ltr'><strong><em>θερμός,</em></strong></span> <span class='ocrx_word' id='word_1_243' title='bbox 1828 1679 1865 1721; x_wconf 86' lang='lat' dir='ltr'>si</span> <span class='ocrx_word' id='word_1_244' title='bbox 1894 1678 2065 1735; x_wconf 90' lang='lat' dir='ltr'>quidem</span> <span class='ocrx_word' id='word_1_245' title='bbox 2096 1677 2238 1720; x_wconf 88' lang='lat' dir='ltr'>Schol.</span> <span class='ocrx_word' id='word_1_246' title='bbox 2266 1677 2359 1720; x_wconf 86' lang='lat' dir='ltr'>Nic.</span> <span class='ocrx_word' id='word_1_247' title='bbox 2389 1677 2471 1721; x_wconf 86' lang='lat' dir='ltr'>Th.</span> <span class='ocrx_word' id='word_1_248' title='bbox 2501 1679 2568 1720; x_wconf 83' lang='lat'>35.</span> 
     </span>
     <span class='ocr_line' id='line_1_22' title="bbox 80 1754 2570 1817; baseline -0.002 -17"><span class='ocrx_word' id='word_1_249' title='bbox 80 1756 185 1800; x_wconf 90' lang='lat' dir='ltr'>illud</span> <span class='ocrx_word' id='word_1_250' title='bbox 212 1762 327 1799; x_wconf 90' lang='lat' dir='ltr'>recte</span> <span class='ocrx_word' id='word_1_251' title='bbox 356 1755 655 1812; x_wconf 87' lang='lat' dir='ltr'>interpretatur</span> <span class='ocrx_word' id='word_1_252' title='bbox 684 1754 877 1798; x_wconf 82' lang='lat' dir='ltr'>calidum.</span> <span class='ocrx_word' id='word_1_253' title='bbox 937 1754 1023 1797; x_wconf 86' lang='lat' dir='ltr'>His</span> <span class='ocrx_word' id='word_1_254' title='bbox 1053 1755 1150 1798; x_wconf 89' lang='lat' dir='ltr'>beta</span> <span class='ocrx_word' id='word_1_255' title='bbox 1185 1756 1448 1814; x_wconf 82' lang='lat' dir='ltr'>implicatum</span> <span class='ocrx_word' id='word_1_256' title='bbox 1484 1763 1550 1800; x_wconf 88' lang='lat' dir='ltr'>est</span> <span class='ocrx_word' id='word_1_257' title='bbox 1585 1757 1685 1813; x_wconf 87' lang='lat' dir='ltr'>quia</span> <span class='ocrx_word' id='word_1_258' title='bbox 1712 1760 1765 1817; x_wconf 61' lang='grc' dir='ltr'>μῖ,</span> <span class='ocrx_word' id='word_1_259' title='bbox 1795 1756 1994 1813; x_wconf 87' lang='lat' dir='ltr'>conjungi</span> <span class='ocrx_word' id='word_1_260' title='bbox 2021 1770 2106 1799; x_wconf 88' lang='lat' dir='ltr'>non</span> <span class='ocrx_word' id='word_1_261' title='bbox 2126 1761 2327 1811; x_wconf 84' lang='lat' dir='ltr'>possunt;</span> <span class='ocrx_word' id='word_1_262' title='bbox 2364 1769 2391 1796; x_wconf 89' lang='lat' dir='ltr'>a</span> <span class='ocrx_word' id='word_1_263' title='bbox 2419 1760 2570 1797; x_wconf 78' lang='lat' dir='ltr'>natura</span> 
     </span>
     <span class='ocr_line' id='line_1_23' title="bbox 82 1830 2568 1893; baseline 0.001 -20"><span class='ocrx_word' id='word_1_264' title='bbox 82 1838 302 1892; x_wconf 71' lang='lat' dir='ltr'>aoceptum</span> <span class='ocrx_word' id='word_1_265' title='bbox 338 1830 468 1875; x_wconf 90' lang='lat' dir='ltr'>habet</span> <span class='ocrx_word' id='word_1_266' title='bbox 502 1831 730 1889; x_wconf 88' lang='lat' dir='ltr'>leguminis</span> <span class='ocrx_word' id='word_1_267' title='bbox 766 1846 941 1883; x_wconf 89' lang='lat' dir='ltr'>nomen,</span> <span class='ocrx_word' id='word_1_268' title='bbox 987 1832 1040 1875; x_wconf 89' lang='lat' dir='ltr'>de</span> <span class='ocrx_word' id='word_1_269' title='bbox 1078 1847 1163 1888; x_wconf 94' lang='lat' dir='ltr'>quo</span> <span class='ocrx_word' id='word_1_270' title='bbox 1200 1832 1393 1876; x_wconf 91' lang='lat' dir='ltr'>Galenus</span> <span class='ocrx_word' id='word_1_271' title='bbox 1429 1835 1474 1876; x_wconf 91' lang='lat' dir='ltr'>in</span> <span class='ocrx_word' id='word_1_272' title='bbox 1510 1834 1642 1890; x_wconf 88' lang='lat' dir='ltr'>Hipp.</span> <span class='ocrx_word' id='word_1_273' title='bbox 1679 1835 1731 1877; x_wconf 89' lang='lat' dir='ltr'>de</span> <span class='ocrx_word' id='word_1_274' title='bbox 1767 1834 1928 1877; x_wconf 86' lang='lat' dir='ltr'>Articc.</span> <span class='ocrx_word' id='word_1_275' title='bbox 1955 1833 2083 1876; x_wconf 85' lang='lat' dir='ltr'>LX1.</span> <span class='ocrx_word' id='word_1_276' title='bbox 2110 1848 2150 1890; x_wconf 87' lang='lat' dir='ltr'>p.</span> <span class='ocrx_word' id='word_1_277' title='bbox 2180 1834 2274 1875; x_wconf 80' lang='lat'>574.</span> <span class='ocrx_word' id='word_1_278' title='bbox 2312 1832 2362 1874; x_wconf 83' lang='lat' dir='ltr'>T.</span> <span class='ocrx_word' id='word_1_279' title='bbox 2393 1831 2568 1893; x_wconf 37' lang='lat' dir='ltr'><strong>XVIII·</strong></span> 
     </span>
     <span class='ocr_line' id='line_1_24' title="bbox 80 1908 2572 1971; baseline 0 -15"><span class='ocrx_word' id='word_1_280' title='bbox 80 1928 121 1971; x_wconf 85' lang='lat' dir='ltr'>p.</span> <span class='ocrx_word' id='word_1_281' title='bbox 153 1917 188 1956; x_wconf 90' lang='lat' dir='ltr'>l.</span> <span class='ocrx_word' id='word_1_282' title='bbox 217 1913 268 1956; x_wconf 82' lang='grc' dir='ltr'>τὸ</span> <span class='ocrx_word' id='word_1_283' title='bbox 300 1909 540 1970; x_wconf 80' lang='grc' dir='ltr'><strong><em>κερχνώδης</em></strong></span> <span class='ocrx_word' id='word_1_284' title='bbox 569 1909 661 1954; x_wconf 81' lang='grc' dir='ltr'>ἀπὸ</span> <span class='ocrx_word' id='word_1_285' title='bbox 692 1914 769 1968; x_wconf 79' lang='grc' dir='ltr'>τῆς</span> <span class='ocrx_word' id='word_1_286' title='bbox 799 1912 981 1969; x_wconf 82' lang='grc' dir='ltr'><strong><em>κέρχνου</em></strong></span> <span class='ocrx_word' id='word_1_287' title='bbox 1010 1913 1194 1968; x_wconf 76' lang='grc' dir='ltr'>γέγονεν.</span> <span class='ocrx_word' id='word_1_288' title='bbox 1225 1912 1342 1956; x_wconf 75' lang='grc' dir='ltr'><strong><em>οὕτω</em></strong></span> <span class='ocrx_word' id='word_1_289' title='bbox 1372 1915 1421 1957; x_wconf 77' lang='grc' dir='ltr'>δὲ·</span> <span class='ocrx_word' id='word_1_290' title='bbox 1451 1912 1715 1968; x_wconf 79' lang='grc' dir='ltr'><strong><em>ὀνομάζουσι</em></strong></span> <span class='ocrx_word' id='word_1_291' title='bbox 1745 1914 1823 1970; x_wconf 74' lang='grc' dir='ltr'>τὴν</span> <span class='ocrx_word' id='word_1_292' title='bbox 1851 1915 2030 1970; x_wconf 80' lang='grc' dir='ltr'><strong><em>κέγχρον</em></strong></span> <span class='ocrx_word' id='word_1_293' title='bbox 2045 1908 2240 1964; x_wconf 67' lang='grc' dir='ltr'><strong><em>οῖ”Ιωνες</em></strong></span> <span class='ocrx_word' id='word_1_294' title='bbox 2269 1936 2324 1944; x_wconf 94' lang='grc'>-</span> <span class='ocrx_word' id='word_1_295' title='bbox 2353 1911 2400 1956; x_wconf 75' lang='grc' dir='ltr'>ἐν</span> <span class='ocrx_word' id='word_1_296' title='bbox 2417 1910 2466 1956; x_wconf 77' lang='grc' dir='ltr'>δὲ</span> <span class='ocrx_word' id='word_1_297' title='bbox 2480 1914 2572 1963; x_wconf 80' lang='grc' dir='ltr'><strong><em>τοῖς</em></strong></span> 
     </span>
     <span class='ocr_line' id='line_1_25' title="bbox 85 1987 2570 2050; baseline -0.002 -13"><span class='ocrx_word' id='word_1_298' title='bbox 85 1988 284 2048; x_wconf 76' lang='grc' dir='ltr'><strong><em>πρόσθεν</em></strong></span> <span class='ocrx_word' id='word_1_299' title='bbox 313 1990 559 2048; x_wconf 78' lang='grc' dir='ltr'><strong><em>γέγραπται</em></strong></span> <span class='ocrx_word' id='word_1_300' title='bbox 590 1987 843 2047; x_wconf 78' lang='grc' dir='ltr'><strong><em>κεγχρώδης</em></strong></span> <span class='ocrx_word' id='word_1_301' title='bbox 871 1989 1050 2046; x_wconf 77' lang='grc' dir='ltr'><strong><em>γεγονὸς</em></strong></span> <span class='ocrx_word' id='word_1_302' title='bbox 1078 1987 1169 2034; x_wconf 81' lang='grc' dir='ltr'>ἀπὸ</span> <span class='ocrx_word' id='word_1_303' title='bbox 1199 1994 1278 2035; x_wconf 79' lang='grc' dir='ltr'>τοῦ</span> <span class='ocrx_word' id='word_1_304' title='bbox 1299 1992 1504 2050; x_wconf 79' lang='grc' dir='ltr'><strong><em>κέγχρειν,</em></strong></span> <span class='ocrx_word' id='word_1_305' title='bbox 1535 1991 1774 2046; x_wconf 84' lang='lat' dir='ltr'>pariterque</span> <span class='ocrx_word' id='word_1_306' title='bbox 1790 1990 1976 2033; x_wconf 83' lang='lat' dir='ltr'>variatur</span> <span class='ocrx_word' id='word_1_307' title='bbox 1996 1990 2039 2031; x_wconf 86' lang='lat' dir='ltr'>in</span> <span class='ocrx_word' id='word_1_308' title='bbox 2055 1989 2385 2032; x_wconf 75' lang='lat' dir='ltr'>Anaxandridae</span> <span class='ocrx_word' id='word_1_309' title='bbox 2398 1988 2570 2047; x_wconf 84' lang='lat' dir='ltr'>Fragm.</span> 
     </span>
     <span class='ocr_line' id='line_1_26' title="bbox 85 2066 2569 2126; baseline -0.002 -12"><span class='ocrx_word' id='word_1_310' title='bbox 85 2068 136 2113; x_wconf 88' lang='grc' dir='ltr'>Τ.</span> <span class='ocrx_word' id='word_1_311' title='bbox 166 2067 245 2113; x_wconf 76' lang='lat' dir='ltr'>llL</span> <span class='ocrx_word' id='word_1_312' title='bbox 278 2068 365 2112; x_wconf 81' lang='lat'>183.</span> <span class='ocrx_word' id='word_1_313' title='bbox 399 2081 434 2111; x_wconf 91' lang='lat' dir='ltr'>v.</span> <span class='ocrx_word' id='word_1_314' title='bbox 467 2070 531 2111; x_wconf 80' lang='lat'>27.</span> <span class='ocrx_word' id='word_1_315' title='bbox 582 2066 698 2110; x_wconf 88' lang='lat' dir='ltr'>Hinc</span> <span class='ocrx_word' id='word_1_316' title='bbox 735 2066 980 2124; x_wconf 81' lang='lat' dir='ltr'>asperitudo</span> <span class='ocrx_word' id='word_1_317' title='bbox 1014 2068 1223 2124; x_wconf 89' lang='lat' dir='ltr'>quaedam</span> <span class='ocrx_word' id='word_1_318' title='bbox 1261 2068 1468 2126; x_wconf 87' lang='lat' dir='ltr'>gutturis,</span> <span class='ocrx_word' id='word_1_319' title='bbox 1507 2081 1617 2123; x_wconf 91' lang='lat' dir='ltr'>quae</span> <span class='ocrx_word' id='word_1_320' title='bbox 1660 2068 1781 2124; x_wconf 84' lang='lat' dir='ltr'>quasi</span> <span class='ocrx_word' id='word_1_321' title='bbox 1824 2081 2052 2124; x_wconf 86' lang='lat' dir='ltr'>granorum</span> <span class='ocrx_word' id='word_1_322' title='bbox 2086 2067 2359 2111; x_wconf 88' lang='lat' dir='ltr'>insidentium</span> <span class='ocrx_word' id='word_1_323' title='bbox 2396 2082 2569 2110; x_wconf 83' lang='lat' dir='ltr'>sensum</span> 
     </span>
     <span class='ocr_line' id='line_1_27' title="bbox 80 2144 2570 2207; baseline -0.001 -15"><span class='ocrx_word' id='word_1_324' title='bbox 80 2146 270 2206; x_wconf 81' lang='lat' dir='ltr'>praebet,</span> <span class='ocrx_word' id='word_1_325' title='bbox 301 2148 476 2204; x_wconf 81' lang='grc' dir='ltr'><strong><em>κέρχνος</em></strong></span> <span class='ocrx_word' id='word_1_326' title='bbox 513 2144 668 2190; x_wconf 85' lang='lat' dir='ltr'>dicitur</span> <span class='ocrx_word' id='word_1_327' title='bbox 702 2145 935 2189; x_wconf 83' lang='lat' dir='ltr'>masculine</span> <span class='ocrx_word' id='word_1_328' title='bbox 971 2152 1099 2203; x_wconf 88' lang='lat' dir='ltr'>atque</span> <span class='ocrx_word' id='word_1_329' title='bbox 1136 2148 1314 2190; x_wconf 87' lang='lat' dir='ltr'>verbum</span> <span class='ocrx_word' id='word_1_330' title='bbox 1343 2149 1532 2207; x_wconf 81' lang='grc' dir='ltr'><strong><em>κέρχνειν</em></strong></span> <span class='ocrx_word' id='word_1_331' title='bbox 1563 2147 1653 2189; x_wconf 88' lang='lat' dir='ltr'>sive</span> <span class='ocrx_word' id='word_1_332' title='bbox 1681 2151 1844 2205; x_wconf 70' lang='grc' dir='ltr'><strong><em>κέρχειν</em></strong></span> <span class='ocrx_word' id='word_1_333' title='bbox 1871 2162 1949 2203; x_wconf 89' lang='lat' dir='ltr'>pro</span> <span class='ocrx_word' id='word_1_334' title='bbox 1978 2145 2178 2189; x_wconf 81' lang='lat' dir='ltr'>stridere:</span> <span class='ocrx_word' id='word_1_335' title='bbox 2222 2152 2264 2186; x_wconf 91' lang='lat' dir='ltr'>et</span> <span class='ocrx_word' id='word_1_336' title='bbox 2293 2161 2346 2187; x_wconf 89' lang='lat' dir='ltr'>ex</span> <span class='ocrx_word' id='word_1_337' title='bbox 2376 2146 2458 2189; x_wconf 90' lang='lat' dir='ltr'>hoc</span> <span class='ocrx_word' id='word_1_338' title='bbox 2485 2147 2570 2189; x_wconf 84' lang='lat' dir='ltr'>for-</span> 
     </span>
     <span class='ocr_line' id='line_1_28' title="bbox 82 2222 2570 2284; baseline -0.001 -16"><span class='ocrx_word' id='word_1_339' title='bbox 82 2234 200 2269; x_wconf 80' lang='lat' dir='ltr'>tasse</span> <span class='ocrx_word' id='word_1_340' title='bbox 230 2224 331 2279; x_wconf 75' lang='lat' dir='ltr'>avis,</span> <span class='ocrx_word' id='word_1_341' title='bbox 358 2238 484 2280; x_wconf 91' lang='lat' dir='ltr'>quam</span> <span class='ocrx_word' id='word_1_342' title='bbox 513 2223 661 2266; x_wconf 85' lang='lat' dir='ltr'>Latini</span> <span class='ocrx_word' id='word_1_343' title='bbox 690 2224 980 2268; x_wconf 86' lang='lat' dir='ltr'>tinnunculam</span> <span class='ocrx_word' id='word_1_344' title='bbox 1009 2225 1238 2282; x_wconf 86' lang='lat' dir='ltr'>appellant,</span> <span class='ocrx_word' id='word_1_345' title='bbox 1268 2226 1472 2284; x_wconf 79' lang='grc' dir='ltr'><strong><em>κερχνηΐς.</em></strong></span> <span class='ocrx_word' id='word_1_346' title='bbox 1506 2225 1594 2268; x_wconf 85' lang='lat' dir='ltr'>Sed</span> <span class='ocrx_word' id='word_1_347' title='bbox 1621 2226 1799 2267; x_wconf 84' lang='lat' dir='ltr'>fluctuat</span> <span class='ocrx_word' id='word_1_348' title='bbox 1829 2225 1957 2267; x_wconf 85' lang='lat' dir='ltr'>etiam</span> <span class='ocrx_word' id='word_1_349' title='bbox 1985 2238 2139 2265; x_wconf 89' lang='lat' dir='ltr'>nomen</span> <span class='ocrx_word' id='word_1_350' title='bbox 2167 2222 2250 2265; x_wconf 89' lang='lat' dir='ltr'>loci</span> <span class='ocrx_word' id='word_1_351' title='bbox 2279 2226 2498 2282; x_wconf 78' lang='grc' dir='ltr'><strong><em>Κέγχρεια</em></strong></span> <span class='ocrx_word' id='word_1_352' title='bbox 2527 2235 2570 2266; x_wconf 90' lang='lat' dir='ltr'>et</span> 
     </span>
     <span class='ocr_line' id='line_1_29' title="bbox 81 2300 2570 2363; baseline -0.002 -13"><span class='ocrx_word' id='word_1_353' title='bbox 81 2303 300 2363; x_wconf 81' lang='grc' dir='ltr'><strong><em>Κέρχνεια</em></strong></span> <span class='ocrx_word' id='word_1_354' title='bbox 329 2301 482 2346; x_wconf 81' lang='lat' dir='ltr'>Aesch.</span> <span class='ocrx_word' id='word_1_355' title='bbox 512 2301 654 2347; x_wconf 88' lang='lat' dir='ltr'>Prom.</span> <span class='ocrx_word' id='word_1_356' title='bbox 688 2306 781 2347; x_wconf 85' lang='grc'><strong>676.</strong></span> <span class='ocrx_word' id='word_1_357' title='bbox 812 2302 937 2347; x_wconf 89' lang='lat' dir='ltr'>Duas</span> <span class='ocrx_word' id='word_1_358' title='bbox 967 2309 1108 2347; x_wconf 81' lang='lat' dir='ltr'>mutas</span> <span class='ocrx_word' id='word_1_359' title='bbox 1138 2304 1355 2362; x_wconf 85' lang='lat' dir='ltr'>transponi</span> <span class='ocrx_word' id='word_1_360' title='bbox 1392 2309 1508 2347; x_wconf 85' lang='lat' dir='ltr'>vetat</span> <span class='ocrx_word' id='word_1_361' title='bbox 1536 2310 1688 2346; x_wconf 82' lang='lat' dir='ltr'>natura</span> <span class='ocrx_word' id='word_1_362' title='bbox 1725 2302 1950 2350; x_wconf 84' lang='lat' dir='ltr'>sermonis3</span> <span class='ocrx_word' id='word_1_363' title='bbox 1988 2301 2084 2356; x_wconf 88' lang='lat' dir='ltr'>quis</span> <span class='ocrx_word' id='word_1_364' title='bbox 2121 2300 2233 2343; x_wconf 89' lang='lat' dir='ltr'>enim</span> <span class='ocrx_word' id='word_1_365' title='bbox 2265 2316 2395 2345; x_wconf 83' lang='lat' dir='ltr'>sonus</span> <span class='ocrx_word' id='word_1_366' title='bbox 2424 2304 2503 2345; x_wconf 82' lang='lat' dir='ltr'>erit</span> <span class='ocrx_word' id='word_1_367' title='bbox 2533 2305 2570 2346; x_wconf 88' lang='lat' dir='ltr'>si</span> 
     </span>
    </p>

    <p class='ocr_par' dir='ltr' id='par_1_6' title="bbox 0 2371 2571 2837">
     <span class='ocr_line' id='line_1_30' title="bbox 0 2371 2569 2440; baseline -0.001 -15"><span class='ocrx_word' id='word_1_368' title='bbox 0 2371 5 2373; x_wconf 65' lang='lat'>‚</span> <span class='ocrx_word' id='word_1_369' title='bbox 82 2381 179 2440; x_wconf 82' lang='lat' dir='ltr'>quis</span> <span class='ocrx_word' id='word_1_370' title='bbox 209 2378 404 2440; x_wconf 79' lang='grc' dir='ltr'><strong><em>ῥάβδος,</em></strong></span> <span class='ocrx_word' id='word_1_371' title='bbox 438 2378 552 2439; x_wconf 72' lang='grc' dir='ltr'><strong><em>ἴγδη,</em></strong></span> <span class='ocrx_word' id='word_1_372' title='bbox 586 2378 708 2439; x_wconf 83' lang='grc' dir='ltr'><strong><em>ἀκτή,</em></strong></span> <span class='ocrx_word' id='word_1_373' title='bbox 741 2376 879 2439; x_wconf 69' lang='grc' dir='ltr'><em>ὄχθη,</em></span> <span class='ocrx_word' id='word_1_374' title='bbox 918 2377 1068 2440; x_wconf 74' lang='grc' dir='ltr'><strong><em>ἶίφθα,</em></strong></span> <span class='ocrx_word' id='word_1_375' title='bbox 1099 2381 1276 2436; x_wconf 82' lang='grc' dir='ltr'><strong><em>λεπτός,</em></strong></span> <span class='ocrx_word' id='word_1_376' title='bbox 1316 2381 1478 2436; x_wconf 72' lang='grc' dir='ltr'><strong><em>λενὴός</em></strong></span> <span class='ocrx_word' id='word_1_377' title='bbox 1505 2389 1548 2425; x_wconf 89' lang='lat' dir='ltr'>et</span> <span class='ocrx_word' id='word_1_378' title='bbox 1585 2382 1739 2424; x_wconf 84' lang='lat' dir='ltr'>similia</span> <span class='ocrx_word' id='word_1_379' title='bbox 1768 2388 2009 2424; x_wconf 83' lang='lat' dir='ltr'>convertere</span> <span class='ocrx_word' id='word_1_380' title='bbox 2038 2380 2165 2422; x_wconf 80' lang='lat' dir='ltr'>velit?</span> <span class='ocrx_word' id='word_1_381' title='bbox 2196 2378 2343 2423; x_wconf 87' lang='lat' dir='ltr'>Tertio</span> <span class='ocrx_word' id='word_1_382' title='bbox 2369 2381 2462 2423; x_wconf 90' lang='lat' dir='ltr'>loco</span> <span class='ocrx_word' id='word_1_383' title='bbox 2489 2397 2569 2438; x_wconf 87' lang='lat' dir='ltr'>po—</span> 
     </span>
     <span class='ocr_line' id='line_1_31' title="bbox 83 2456 2570 2515; baseline -0.001 -11"><span class='ocrx_word' id='word_1_384' title='bbox 83 2458 225 2504; x_wconf 89' lang='lat' dir='ltr'>nenda</span> <span class='ocrx_word' id='word_1_385' title='bbox 256 2462 355 2502; x_wconf 86' lang='lat' dir='ltr'>sunt</span> <span class='ocrx_word' id='word_1_386' title='bbox 383 2456 600 2509; x_wconf 85' lang='lat' dir='ltr'>vocabula,</span> <span class='ocrx_word' id='word_1_387' title='bbox 632 2458 677 2501; x_wconf 92' lang='lat' dir='ltr'>in</span> <span class='ocrx_word' id='word_1_388' title='bbox 706 2456 862 2514; x_wconf 88' lang='lat' dir='ltr'>quibus</span> <span class='ocrx_word' id='word_1_389' title='bbox 893 2471 1171 2501; x_wconf 89' lang='lat' dir='ltr'>consonarum</span> <span class='ocrx_word' id='word_1_390' title='bbox 1200 2473 1483 2505; x_wconf 83' lang='lat' dir='ltr'>connexarum</span> <span class='ocrx_word' id='word_1_391' title='bbox 1512 2463 1646 2505; x_wconf 81' lang='lat' dir='ltr'>altera</span> <span class='ocrx_word' id='word_1_392' title='bbox 1681 2474 1763 2502; x_wconf 91' lang='lat' dir='ltr'>non</span> <span class='ocrx_word' id='word_1_393' title='bbox 1800 2460 1936 2502; x_wconf 87' lang='lat' dir='ltr'>solum</span> <span class='ocrx_word' id='word_1_394' title='bbox 1965 2472 2193 2501; x_wconf 84' lang='lat' dir='ltr'>consonam</span> <span class='ocrx_word' id='word_1_395' title='bbox 2223 2457 2305 2500; x_wconf 89' lang='lat' dir='ltr'>sibi</span> <span class='ocrx_word' id='word_1_396' title='bbox 2332 2461 2570 2515; x_wconf 83' lang='lat' dir='ltr'>proximam</span> 
     </span>
     <span class='ocr_line' id='line_1_32' title="bbox 85 2534 2568 2598; baseline -0.002 -14"><span class='ocrx_word' id='word_1_397' title='bbox 85 2537 320 2594; x_wconf 66' lang='lat' dir='ltr'>sod,etiam</span> <span class='ocrx_word' id='word_1_398' title='bbox 349 2534 543 2580; x_wconf 85' lang='lat' dir='ltr'>vocalem</span> <span class='ocrx_word' id='word_1_399' title='bbox 569 2535 667 2580; x_wconf 90' lang='lat' dir='ltr'>huic</span> <span class='ocrx_word' id='word_1_400' title='bbox 696 2535 962 2593; x_wconf 85' lang='lat' dir='ltr'>adjacentem</span> <span class='ocrx_word' id='word_1_401' title='bbox 992 2536 1317 2595; x_wconf 84' lang='lat' dir='ltr'>supergreditur.</span> <span class='ocrx_word' id='word_1_402' title='bbox 1379 2539 1507 2595; x_wconf 75' lang='lat' dir='ltr'>Quod</span> <span class='ocrx_word' id='word_1_403' title='bbox 1542 2539 1591 2584; x_wconf 86' lang='lat' dir='ltr'>fit</span> <span class='ocrx_word' id='word_1_404' title='bbox 1619 2538 1778 2598; x_wconf 90' lang='lat' dir='ltr'>duplici</span> <span class='ocrx_word' id='word_1_405' title='bbox 1807 2537 1954 2590; x_wconf 88' lang='lat' dir='ltr'>modo,</span> <span class='ocrx_word' id='word_1_406' title='bbox 1998 2542 2073 2580; x_wconf 79' lang='lat' dir='ltr'>aut</span> <span class='ocrx_word' id='word_1_407' title='bbox 2099 2536 2371 2595; x_wconf 84' lang='lat' dir='ltr'>procedendo</span> <span class='ocrx_word' id='word_1_408' title='bbox 2398 2544 2473 2580; x_wconf 73' lang='lat' dir='ltr'>aut</span> <span class='ocrx_word' id='word_1_409' title='bbox 2500 2552 2568 2580; x_wconf 88' lang='lat' dir='ltr'>re-</span> 
     </span>
     <span class='ocr_line' id='line_1_33' title="bbox 82 2612 2567 2678; baseline 0 -15"><span class='ocrx_word' id='word_1_410' title='bbox 82 2617 286 2669; x_wconf 84' lang='lat' dir='ltr'>cedendo,</span> <span class='ocrx_word' id='word_1_411' title='bbox 315 2622 365 2659; x_wconf 92' lang='lat' dir='ltr'>ut</span> <span class='ocrx_word' id='word_1_412' title='bbox 393 2614 438 2657; x_wconf 90' lang='lat' dir='ltr'>in</span> <span class='ocrx_word' id='word_1_413' title='bbox 467 2612 635 2657; x_wconf 92' lang='lat' dir='ltr'>duobus</span> <span class='ocrx_word' id='word_1_414' title='bbox 662 2614 900 2660; x_wconf 87' lang='lat' dir='ltr'>nominibus</span> <span class='ocrx_word' id='word_1_415' title='bbox 929 2629 1041 2673; x_wconf 85' lang='lat' dir='ltr'>quae</span> <span class='ocrx_word' id='word_1_416' title='bbox 1069 2614 1236 2661; x_wconf 86' lang='lat' dir='ltr'>Auctor</span> <span class='ocrx_word' id='word_1_417' title='bbox 1263 2617 1317 2660; x_wconf 90' lang='lat' dir='ltr'>de</span> <span class='ocrx_word' id='word_1_418' title='bbox 1345 2618 1520 2664; x_wconf 84' lang='lat' dir='ltr'>Barbar.</span> <span class='ocrx_word' id='word_1_419' title='bbox 1551 2618 1709 2677; x_wconf 85' lang='lat' dir='ltr'>profert</span> <span class='ocrx_word' id='word_1_420' title='bbox 1737 2617 1781 2660; x_wconf 89' lang='lat' dir='ltr'>in</span> <span class='ocrx_word' id='word_1_421' title='bbox 1808 2616 1924 2660; x_wconf 86' lang='lat' dir='ltr'>Mus.</span> <span class='ocrx_word' id='word_1_422' title='bbox 1955 2614 2155 2659; x_wconf 70' lang='lat' dir='ltr'>Cantabr.</span> <span class='ocrx_word' id='word_1_423' title='bbox 2185 2613 2235 2657; x_wconf 87' lang='grc' dir='ltr'>Τ.</span> <span class='ocrx_word' id='word_1_424' title='bbox 2264 2614 2344 2659; x_wconf 84' lang='lat' dir='ltr'>IV.</span> <span class='ocrx_word' id='word_1_425' title='bbox 2364 2620 2443 2659; x_wconf 83' lang='lat'>109</span> <span class='ocrx_word' id='word_1_426' title='bbox 2457 2622 2567 2678; x_wconf 77' lang='grc' dir='ltr'><strong><em>βαρ-</em></strong></span> 
     </span>
     <span class='ocr_line' id='line_1_34' title="bbox 83 2691 2569 2759; baseline -0.001 -15"><span class='ocrx_word' id='word_1_427' title='bbox 83 2696 303 2755; x_wconf 79' lang='grc' dir='ltr'><strong><em>βαρισμός</em></strong></span> <span class='ocrx_word' id='word_1_428' title='bbox 332 2695 426 2742; x_wconf 77' lang='grc' dir='ltr'><strong><em>ἐστι</em></strong></span> <span class='ocrx_word' id='word_1_429' title='bbox 457 2694 561 2752; x_wconf 83' lang='grc' dir='ltr'><strong><em>περὶ</em></strong></span> <span class='ocrx_word' id='word_1_430' title='bbox 590 2691 845 2749; x_wconf 76' lang='grc' dir='ltr'><strong><em>μετάθεσιν,</em></strong></span> <span class='ocrx_word' id='word_1_431' title='bbox 877 2692 924 2741; x_wconf 79' lang='grc' dir='ltr'>εἷ’</span> <span class='ocrx_word' id='word_1_432' title='bbox 954 2713 1021 2750; x_wconf 81' lang='grc' dir='ltr'>τις</span> <span class='ocrx_word' id='word_1_433' title='bbox 1051 2695 1165 2758; x_wconf 85' lang='grc' dir='ltr'><strong><em>φαίη</em></strong></span> <span class='ocrx_word' id='word_1_434' title='bbox 1202 2695 1426 2758; x_wconf 82' lang='grc' dir='ltr'><strong><em>κότραφον</em></strong></span> <span class='ocrx_word' id='word_1_435' title='bbox 1455 2699 1530 2744; x_wconf 75' lang='grc' dir='ltr'>τὸν</span> <span class='ocrx_word' id='word_1_436' title='bbox 1559 2697 1786 2759; x_wconf 79' lang='grc' dir='ltr'><strong><em>κρόταφον</em></strong></span> <span class='ocrx_word' id='word_1_437' title='bbox 1815 2695 1889 2740; x_wconf 77' lang='grc' dir='ltr'>καὶ</span> <span class='ocrx_word' id='word_1_438' title='bbox 1919 2694 2080 2755; x_wconf 81' lang='grc' dir='ltr'><strong><em>δρίφον</em></strong></span> <span class='ocrx_word' id='word_1_439' title='bbox 2114 2694 2190 2738; x_wconf 82' lang='grc' dir='ltr'>τὸν</span> <span class='ocrx_word' id='word_1_440' title='bbox 2226 2691 2387 2754; x_wconf 82' lang='grc' dir='ltr'><strong><em>δίφρον</em></strong></span> <span class='ocrx_word' id='word_1_441' title='bbox 2407 2699 2448 2749; x_wconf 76' lang='lat'>⁸)</span> <span class='ocrx_word' id='word_1_442' title='bbox 2477 2695 2569 2741; x_wconf 87' lang='grc' dir='ltr'>Κό-</span> 
     </span>
     <span class='ocr_line' id='line_1_35' title="bbox 84 2770 2571 2837; baseline -0.002 -16"><span class='ocrx_word' id='word_1_443' title='bbox 84 2793 258 2837; x_wconf 75' lang='grc' dir='ltr'><strong><em>τραφος</em></strong></span> <span class='ocrx_word' id='word_1_444' title='bbox 288 2774 323 2816; x_wconf 82' lang='lat' dir='ltr'>si</span> <span class='ocrx_word' id='word_1_445' title='bbox 351 2772 448 2829; x_wconf 88' lang='lat' dir='ltr'>quis</span> <span class='ocrx_word' id='word_1_446' title='bbox 477 2770 719 2828; x_wconf 88' lang='lat' dir='ltr'>usurpavit,</span> <span class='ocrx_word' id='word_1_447' title='bbox 757 2785 987 2818; x_wconf 89' lang='lat' dir='ltr'>consonam</span> <span class='ocrx_word' id='word_1_448' title='bbox 1024 2774 1079 2820; x_wconf 85' lang='lat' dir='ltr'>ab</span> <span class='ocrx_word' id='word_1_449' title='bbox 1117 2789 1168 2820; x_wconf 87' lang='lat' dir='ltr'>ea</span> <span class='ocrx_word' id='word_1_450' title='bbox 1204 2776 1387 2833; x_wconf 86' lang='lat' dir='ltr'>syllaba,</span> <span class='ocrx_word' id='word_1_451' title='bbox 1431 2777 1475 2821; x_wconf 94' lang='lat' dir='ltr'>in</span> <span class='ocrx_word' id='word_1_452' title='bbox 1511 2790 1597 2834; x_wconf 89' lang='lat' dir='ltr'>qua</span> <span class='ocrx_word' id='word_1_453' title='bbox 1631 2782 1732 2823; x_wconf 86' lang='lat' dir='ltr'>nata</span> <span class='ocrx_word' id='word_1_454' title='bbox 1767 2782 1846 2831; x_wconf 88' lang='lat' dir='ltr'>est,</span> <span class='ocrx_word' id='word_1_455' title='bbox 1875 2774 2086 2834; x_wconf 82' lang='lat' dir='ltr'>promovit</span> <span class='ocrx_word' id='word_1_456' title='bbox 2114 2773 2158 2814; x_wconf 88' lang='lat' dir='ltr'>in</span> <span class='ocrx_word' id='word_1_457' title='bbox 2188 2780 2455 2827; x_wconf 82' lang='lat' dir='ltr'>sequentem,</span> <span class='ocrx_word' id='word_1_458' title='bbox 2483 2788 2571 2830; x_wconf 88' lang='lat' dir='ltr'>quo</span> 
     </span>
    </p>
   </div>
   <div class='ocr_carea' id='block_1_5' title="bbox 88 2892 225 2900">
    <p class='ocr_par' dir='ltr' id='par_1_7' title="bbox 88 2892 225 2900">
     <span class='ocr_line' id='line_1_36' title="bbox 88 2892 225 2900; baseline 0 577"><span class='ocrx_word' id='word_1_459' title='bbox 88 2892 225 2900; x_wconf 95' lang='lat' dir='ltr'> </span> 
     </span>
    </p>
   </div>
   <div class='ocr_carea' id='block_1_6' title="bbox 229 2892 374 2898">
    <p class='ocr_par' dir='ltr' id='par_1_8' title="bbox 229 2892 374 2898">
     <span class='ocr_line' id='line_1_37' title="bbox 229 2892 374 2898; baseline 0 0"><span class='ocrx_word' id='word_1_460' title='bbox 229 2892 374 2898; x_wconf 95' lang='lat' dir='ltr'> </span> 
     </span>
    </p>
   </div>
   <div class='ocr_carea' id='block_1_7' title="bbox 173 2965 1568 3023">
    <p class='ocr_par' dir='ltr' id='par_1_9' title="bbox 173 2965 1568 3023">
     <span class='ocr_line' id='line_1_38' title="bbox 173 2965 1568 3023; baseline 0.006 -24"><span class='ocrx_word' id='word_1_461' title='bbox 173 2965 203 3012; x_wconf 83' lang='lat'>³)</span> <span class='ocrx_word' id='word_1_462' title='bbox 228 2970 301 3003; x_wconf 84' lang='lat' dir='ltr'>Pro</span> <span class='ocrx_word' id='word_1_463' title='bbox 326 2969 559 3014; x_wconf 76' lang='grc' dir='ltr'><strong><em>Νορθακινοί</em></strong></span> <span class='ocrx_word' id='word_1_464' title='bbox 579 2968 749 3009; x_wconf 76' lang='grc' dir='ltr'>ἀσθενεῖς</span> <span class='ocrx_word' id='word_1_465' title='bbox 773 2970 927 3007; x_wconf 79' lang='lat' dir='ltr'>Guietus</span> <span class='ocrx_word' id='word_1_466' title='bbox 953 2971 1108 3017; x_wconf 73' lang='lat' dir='ltr'>corrigit</span> <span class='ocrx_word' id='word_1_467' title='bbox 1130 2977 1352 3020; x_wconf 77' lang='grc' dir='ltr'><strong><em>νοθρακινοί</em></strong></span> <span class='ocrx_word' id='word_1_468' title='bbox 1372 2988 1393 3010; x_wconf 77' lang='lat' dir='ltr'>a</span> <span class='ocrx_word' id='word_1_469' title='bbox 1416 2972 1568 3023; x_wconf 81' lang='grc' dir='ltr'>νωθρός.</span> 
     </span>
    </p>
   </div>
   <div class='ocr_carea' id='block_1_8' title="bbox 176 3035 2568 3152">
    <p class='ocr_par' dir='ltr' id='par_1_10' title="bbox 176 3035 2568 3152">
     <span class='ocr_line' id='line_1_39' title="bbox 176 3035 2568 3089; baseline 0.004 -20"><span class='ocrx_word' id='word_1_470' title='bbox 176 3035 209 3074; x_wconf 82' lang='lat'>⁴)</span> <span class='ocrx_word' id='word_1_471' title='bbox 234 3038 276 3070; x_wconf 85' lang='lat' dir='ltr'>In</span> <span class='ocrx_word' id='word_1_472' title='bbox 300 3036 469 3072; x_wconf 75' lang='lat' dir='ltr'>Ammon.</span> <span class='ocrx_word' id='word_1_473' title='bbox 494 3036 569 3071; x_wconf 78' lang='lat'>137.</span> <span class='ocrx_word' id='word_1_474' title='bbox 597 3036 722 3077; x_wconf 76' lang='grc' dir='ltr'><strong><em>κόλλος</em></strong></span> <span class='ocrx_word' id='word_1_475' title='bbox 746 3050 820 3074; x_wconf 84' lang='lat' dir='ltr'>non</span> <span class='ocrx_word' id='word_1_476' title='bbox 844 3040 1105 3084; x_wconf 69' lang='lat' dir='ltr'>appellativum</span> <span class='ocrx_word' id='word_1_477' title='bbox 1131 3055 1216 3077; x_wconf 80' lang='lat' dir='ltr'>esse</span> <span class='ocrx_word' id='word_1_478' title='bbox 1241 3041 1398 3085; x_wconf 84' lang='lat' dir='ltr'>videtur,</span> <span class='ocrx_word' id='word_1_479' title='bbox 1424 3051 1463 3079; x_wconf 88' lang='lat' dir='ltr'>ut</span> <span class='ocrx_word' id='word_1_480' title='bbox 1488 3047 1712 3078; x_wconf 77' lang='lat' dir='ltr'>Schaeferns</span> <span class='ocrx_word' id='word_1_481' title='bbox 1737 3048 1841 3086; x_wconf 69' lang='lat' dir='ltr'>putat</span> <span class='ocrx_word' id='word_1_482' title='bbox 1865 3047 1909 3079; x_wconf 79' lang='lat' dir='ltr'>sd</span> <span class='ocrx_word' id='word_1_483' title='bbox 1922 3044 2042 3079; x_wconf 79' lang='lat' dir='ltr'>schol.</span> <span class='ocrx_word' id='word_1_484' title='bbox 2074 3042 2279 3087; x_wconf 73' lang='lat' dir='ltr'>Apon.2⁴9.</span> <span class='ocrx_word' id='word_1_485' title='bbox 2295 3048 2357 3081; x_wconf 84' lang='lat' dir='ltr'>sed</span> <span class='ocrx_word' id='word_1_486' title='bbox 2371 3041 2568 3089; x_wconf 75' lang='lat' dir='ltr'>proprium.</span> 
     </span>
     <span class='ocr_line' id='line_1_40' title="bbox 177 3102 1874 3152; baseline 0.006 -16"><span class='ocrx_word' id='word_1_487' title='bbox 177 3102 208 3142; x_wconf 84' lang='lat'>⁵)</span> <span class='ocrx_word' id='word_1_488' title='bbox 231 3105 310 3138; x_wconf 75' lang='lat' dir='ltr'>Hoc</span> <span class='ocrx_word' id='word_1_489' title='bbox 333 3114 407 3138; x_wconf 86' lang='lat' dir='ltr'>uno</span> <span class='ocrx_word' id='word_1_490' title='bbox 433 3109 598 3146; x_wconf 81' lang='lat' dir='ltr'>exemplo</span> <span class='ocrx_word' id='word_1_491' title='bbox 623 3104 743 3140; x_wconf 78' lang='lat' dir='ltr'>utitur</span> <span class='ocrx_word' id='word_1_492' title='bbox 765 3111 983 3152; x_wconf 78' lang='lat' dir='ltr'>Anonymns</span> <span class='ocrx_word' id='word_1_493' title='bbox 1011 3113 1055 3142; x_wconf 78' lang='lat' dir='ltr'>ds</span> <span class='ocrx_word' id='word_1_494' title='bbox 1079 3112 1237 3145; x_wconf 72' lang='lat' dir='ltr'>Bai-bar.</span> <span class='ocrx_word' id='word_1_495' title='bbox 1262 3108 1300 3144; x_wconf 89' lang='lat' dir='ltr'>in</span> <span class='ocrx_word' id='word_1_496' title='bbox 1326 3110 1464 3146; x_wconf 79' lang='lat' dir='ltr'>Anecd.</span> <span class='ocrx_word' id='word_1_497' title='bbox 1490 3110 1608 3147; x_wconf 82' lang='lat' dir='ltr'>Boiss.</span> <span class='ocrx_word' id='word_1_498' title='bbox 1633 3112 1676 3147; x_wconf 84' lang='lat' dir='ltr'>T.</span> <span class='ocrx_word' id='word_1_499' title='bbox 1707 3114 1769 3147; x_wconf 86' lang='grc' dir='ltr'><strong>ΙΙΙ.</strong></span> <span class='ocrx_word' id='word_1_500' title='bbox 1796 3110 1874 3147; x_wconf 80' lang='grc'><strong>238.</strong></span> 
     </span>
    </p>
   </div>
  </div>
 </body>
</html>
